5484 7746
657 662 887 713 SPEC'I'ANTIA
908 663 959 712 ΑΙ)
979 663 1144 712 CLASSEM
1164 663 1529 714 ARCHIDIACONORL'M
1548 664 1650 714 Ecca.
1673 664 1810 714 BONON.
2062 641 2136 712 269

1167 1030 1293 1094 XXIX.

1097 1244 1193 1326 1244,
1218 1244 1260 1306 31
1284 1245 1368 1306 carnii.

757 1457 809 1524 Ex
833 1465 909 1522 tom.
934 1457 1078 1522 XXVII.
1105 1457 1177 1522 Cod.
1202 1459 1277 1543 dipl
1302 1457 1384 1522 Eccl.
1409 1458 1498 1542 dora,
1523 1480 1609 1522 num.
1635 1459 1706 1524 011.

412 1674 621 1739 Innocentius
645 1673 703 1737 Iv.
718 1673 757 1737 (1)
774 1673 923 1760 Capitulo
946 1672 1146 1737 bononiensi.

408 1781 588 1867 Assumpti,
614 1780 761 1866 quamvis
786 1779 946 1861 immeriti,
971 1777 1162 1866 disponente
1186 1778 1336 1862 Domino,
1360 1779 1393 1843 in
1416 1779 1648 1866 plenitudinem
1672 1781 1851 1866 potcstatis,
1869 1781 1940 1844 illos
1965 1802 2044 1866 quos
2067 1781 2138 1844 lite-

321 1913 430 1954 rarum
455 1890 600 1972 seientia,
626 1909 751 1952 morum
776 1887 927 1951 nobilitas
951 1893 983 1950 ct
1008 1887 1209 1950 conversatio
1232 1886 1352 1950 munda
1376 1887 1542 1969 decorant,
1568 1908 1605 1950 eo
1629 1887 1780 1950 libentius
1804 1887 1837 1950 in
1861 1895 1986 1974 partem
2009 1887 2139 1952 honoris

319 2005 351 2062 et
375 1997 600 2061 sollicitudinis
626 2017 815 2078 evocamus,
840 2015 902 2079 quo
927 2015 984 2082 per
1008 1995 1090 2058 tales
1114 1995 1278 2079 operarios
1302 1995 1397 2058 vinea
1420 1994 1541 2058 domini
1566 1993 1709 2058 Sabaoth
1734 1995 1900 2058 consuevit
1927 1994 2138 2077 fructificare,

319 2105 446 2170 sarculo
471 2103 645 2168 studiosius
671 2103 786 2186 excoli,
811 2123 848 2166 ac
872 2103 1016 2167 securius
1042 2101 1205 2166 custodiri.
1231 2100 1311 2166 Cum
1336 2102 1434 2187 igitur
1457 2102 1608 2165 dilectum
1632 2101 1732 2165 filium
1757 2109 1900 2166 nostram
1926 2101 2140 2166 Octavianum

319 2219 428 2276 sancte
452 2211 556 2276 Maris
581 2211 613 2275 in
637 2210 700 2273 Via
725 2210 792 2273 lata
819 2209 989 2273 diaconum
1009 2208 1217 2292 cardinalem,
1234 2209 1286 2272 cni
1301 2210 1471 2273 commissa
1495 2217 1565 2272 erat
1580 2209 1621 2272 ab
1638 2209 1815 2295 apostolica
1833 2208 1916 2272 Sede
1932 2209 2138 2272 bononiensis

318 2319 465 2385 Ecclesia
489 2318 703 2406 procuranda,
722 2317 762 2380 ad
780 2317 998 2381 cardinalatus
1014 2317 1206 2402 dignitatem
1222 2316 1373 2378 duximus
1390 2316 1627 2398 assumendum,
1646 2337 1702 2380 nos
1726 2315 1913 2400 diligentins
1937 2316 2139 2379 attendentes

319 2427 405 2511 quod
429 2425 654 2490 sollicitudinis
679 2431 786 2488 nostre
811 2424 983 2507 intererat,
1009 2430 1044 2486 nt
1076 2424 1109 2486 in
1141 2423 1254 2486 cadem
1281 2421 1428 2486 Ecclesia
1455 2422 1546 2486 illum
1569 2422 1730 2486 hominem
1754 2444 1966 2508 poneremus,
1991 2423 2046 2508 qui
2068 2423 2139 2486 Deo

319 2541 431 2619 gratus
457 2542 487 2597 et
512 2533 694 2596 hominibus
719 2533 760 2594 sit
784 2537 953 2616 acceptus,
979 2530 1133 2595 dilcctnm
1159 2530 1260 2592 filium
1292 2530 1425 2593 fratrem
1455 2529 1614 2594 Jacobnm
1644 2529 1944 2593 vicecancellarium
1976 2538 2138 2614 nostrum,

318 2642 424 2704 virum
447 2640 592 2725 prolecto
617 2638 792 2702 secundnm
818 2659 872 2702 cor
896 2645 1053 2720 nostrum,
1072 2638 1123 2701 cni
1146 2644 1277 2724 propter
1300 2638 1539 2724 prerogativam
1561 2658 1685 2700 morum
1702 2644 1733 2700 et
1749 2637 1892 2720 scientie,
1910 2659 2006 2723 super
2023 2637 2138 2722 quibus

318 2749 348 2812 ei
372 2755 537 2833 tamquam
562 2746 608 2809 illi
633 2747 688 2830 qui
711 2744 767 2809 diu
792 2746 960 2809 nobiscum
977 2752 1026 2808 est
1049 2745 1256 2808 landabiliter
1272 2753 1490 2826 conversatus,
1507 2744 1670 2808 landabile
1688 2745 1904 2808 testimoninm
1921 2743 2137 2831 perhibemus,

318 2855 380 2940 ipsi
404 2854 560 2936 Ecclesia,
578 2853 617 2917 dc
634 2853 771 2916 fratrum
796 2859 977 2917 nostrornm
1003 2852 1146 2934 consilio,
1163 2852 1356 2937 prefecimus
1381 2852 1412 2915 in
1434 2852 1619 2937 episcopum
1636 2858 1668 2915 et
1684 2858 1856 2937 pastorem,
1874 2858 1905 2914 et
1921 2852 2018 2937 plena
2034 2851 2138 2915 cidem

317 2969 384 3026 tarn
409 2961 441 3024 iu
466 2960 688 3046 spiritualibus
713 2981 808 3045 quam
837 2959 1069 3044 temporalibus
1093 2959 1370 3022 administratione
1395 2979 1557 3040 concessa,
1575 2959 1824 3022 consecrationis
1847 2958 1909 3022 sibi
1932 2979 2048 3021 munus
2072 2979 2138 3022 ma·

317 3069 411 3132 nibus
437 3070 554 3132 nostris
578 3067 730 3131 duximus
760 3067 1028 3152 impendendum,
1053 3073 1221 3152 sperantes
1251 3067 1395 3146 firmiter,
1420 3067 1516 3129 immo
1548 3088 1606 3152 pro
1637 3075 1724 3131 certo
1755 3067 1916 3153 probabili
1948 3073 2139 3151 argumento

317 3183 473 3258 tenentes,
500 3175 584 3260 qnod
609 3175 722 3238 eadem
746 3173 892 3237 Ecclesia
919 3174 979 3237 snb
1005 3175 1104 3259 ipsius
1128 3174 1284 3259 regimine
1308 3175 1505 3238 incrementa
1529 3181 1623 3259 grata
1646 3174 1808 3259 suscipiet,
1833 3180 1964 3238 anctore
1987 3173 2137 3256 Domino,

318 3285 351 3346 in
381 3284 536 3367 utrisque.
562 3282 721 3356 Quocirca
751 3282 955 3367 presentibus
986 3281 1176 3344 mandamns
1200 3290 1375 3366 quatenus,
1400 3280 1602 3346 considerato
1633 3282 1808 3368 prudenter
1832 3281 1917 3368 quod
1948 3302 1989 3344 ex
2020 3281 2138 3344 affectu

317 3412 436 3475 magno
460 3390 625 3476 processit,
643 3389 728 3475 quod
753 3410 810 3452 nos
835 3389 994 3472 exuimus,
1019 3397 1054 3452 ut
1077 3410 1134 3452 vos
1159 3397 1190 3452 et
1213 3389 1444 3454 bononiensem
1467 3389 1647 3453 Ecclesiam
1671 3390 1871 3471 vestiremus,
1889 3388 1950 3476 ipsi
1973 3395 2138 3473 tamquam

317 3499 400 3584 patri
425 3504 457 3560 et
480 3497 605 3583 pastori
627 3497 808 3560 animarum
828 3506 1009 3560 vestrarum
1027 3496 1120 3581 plene
1137 3519 1175 3560 ac
1191 3497 1354 3560 humiliter
1372 3497 1584 3579 intendentes,
1602 3497 1783 3560 exhibeatis
1800 3497 1904 3560 cidem
1921 3495 2138 3560 obedientiam

319 3613 350 3668 et
374 3605 589 3668 reverentiam
613 3603 755 3668 debitam
779 3610 811 3666 et
835 3603 996 3686 devotam,
1022 3605 1093 3687 ejus
1118 3603 1261 3667 salubria
1284 3605 1407 3668 monita
1429 3612 1461 3667 et
1485 3604 1638 3667 mandata
1662 3604 1865 3689 suscipiendo
1889 3603 2004 3666 devote
2029 3623 2066 3665 ao
2091 3602 2138 3664 in·

317 3712 513 3776 violabiliter
537 3711 759 3792 observand03
785 3711 928 3796 alioquin
952 3712 1268 3796 sententiam,qna1n
1293 3712 1378 3775 idem
1402 3713 1461 3776 rite
1486 3711 1595 3776 tulerit
1613 3711 1645 3774 in
1661 3710 1809 3793 rebelles,
1826 3719 1930 3774 ratam
1946 3709 2136 3774 habebimus

319 3827 350 3883 et
374 3819 540 3902 iaciemus,
566 3827 697 3884 auctore
721 3819 828 3902 [Deo],
853 3840 954 3903 usque
978 3819 1019 3882 ad
1042 3819 1295 3883 satisfactionem
1320 3820 1513 3906 condignam
1537 3819 1766 3884 inviolabiliter
1790 3818 1965 3884 observari.

405 3928 526 3992 Datum
550 3929 703 3992 Laterani
729 3927 869 3992 secundo
894 3927 1051 3991 kalendas
1073 3927 1167 4011 junii,
1192 3929 1398 4014 pontificatus
1423 3929 1523 3993 nostri
1546 3950 1630 3992 anno
1654 3928 1768 4015 primo.

1170 4249 1279 4313 XXX.

1078 4464 1177 4547 1251,
1202 4463 1223 4525 3
1246 4463 1380 4527 ocrotn's.

677 4676 729 4740 Ex
755 4677 842 4740 sich.
867 4677 1004 4763 Metrop.
1030 4677 1146 4741 bonon.
1171 4677 1204 4740 in
1233 4701 1247 4734 ι
1273 4676 1368 4740 Libro
1392 4679 1562 4760 Ariana»,
1588 4699 1652 4741 car.
1678 4680 1720 4742 80
1745 4675 1789 4741 v.⁰

417 4891 531 4954 Carta
606 4889 644 4953 Iu
675 4891 803 4954 nornine
826 4891 972 4973 Domini,
998 4913 1101 4954 amen.
1133 4891 1229 4956 Anno
1260 4891 1391 4956 Domini
1422 4891 1591 4956 millesimo
1622 4891 1840 4955 ducentesimo
1871 4891 2137 4978 quinquagesimo

315 4997 531 5062 conversionis
605 4997 718 5082 primo,
741 4997 912 5061 indictione
936 5019 1032 5080 nona,
1050 4998 1101 5060 die
1125 4999 1246 5080 martis,
1264 5000 1358 5062 tertio
1379 5000 1519 5062 intrante
1543 4997 1685 5063 octubre.
1707 5000 1758 5072 (Π
1774 4997 1998 5062 Jambonellus
2022 4997 2137 5061 Albcr·

315 5104 512 5187 darnbonellj
605 5104 708 5167 tinelli
733 5104 771 5167 de
794 5105 982 5188 Bolognolis
1006 5105 1045 5167 do
1070 5105 1266 5189 Castagnolo
1283 5105 1410 5189 Minori,
1427 5105 1631 5191 presentibus
1655 5113 1687 5168 et
1711 5105 1983 5168 consentientibus
2008 5103 2136 5169 domino

605 5211 783 5276 Octaviano
808 5212 997 5296 presbitero,
1022 5212 1150 5276 domino
1174 5213 1353 5298 presbitero
1376 5213 1617 5294 Bartholomco,
1634 5212 1763 5276 domino
1788 5212 1966 5277 Octaviano
1990 5211 2136 5294 diacono,

315 5319 402 5383 dedit
426 5326 458 5382 et
481 5319 597 5382 obtulit
622 5341 655 5382 se
681 5341 753 5382 cum
777 5319 925 5382 omnibns
949 5319 1015 5382 suis
1038 5319 1145 5402 bonis,
1168 5320 1295 5404 juribus
1327 5327 1359 5383 et
1390 5319 1570 5384 actionibus
1602 5318 1672 5382 Deo
1702 5326 1734 5382 et
1761 5319 1897 5382 ecclesia
1921 5319 2024 5382 sancti
2047 5318 2137 5382 Petri

314 5427 444 5492 nomine
470 5426 649 5490 offersionis
674 5427 705 5489 in
730 5447 844 5489 manus
868 5425 989 5490 domini
1013 5425 1166 5512 Phylippi
1190 5427 1407 5491 archidiaconi
1431 5426 1647 5508 bononiensis,
1672 5434 1704 5490 et
1725 5426 1845 5490 domini
1868 5427 2008 5510 Bononij
2033 5427 2136 5490 archi·

315 5534 486 5620 presbiteri
509 5534 726 5616 bononiensis,
744 5535 934 5619 promittens
957 5533 1077 5597 eisdem
1101 5536 1315 5598 reverentiam
1339 5542 1371 5598 et
1396 5534 1611 5598 obedientiam
1636 5534 1819 5599 manualem
1843 5535 2071 5620 recipientibus
2096 5535 2137 5599 ad

315 5642 469 5706 honorem
494 5641 626 5705 Domini
650 5643 750 5706 nostri
774 5640 852 5705 Jcsu
878 5642 998 5705 Christi
1021 5649 1053 5706 et
1077 5643 1211 5706 ecclesie
1236 5643 1339 5706 sancti
1362 5642 1452 5706 Petri
1475 5643 1680 5728 episcopatus
1703 5643 1920 5706 bononiensis.

407 5749 525 5813 Actum
551 5749 583 5811 iu
608 5750 763 5813 canonica
787 5749 943 5831 Bononio,
960 5750 1164 5835 presentibus
1188 5749 1316 5814 domino
1333 5750 1511 5836 presbitero
1528 5749 1749 5833 Aldrovaudo,
1766 5750 1944 5836 presbitero
1959 5751 2136 5815 Frumento

316 5856 513 5939 sacristauis,
532 5863 563 5919 et
587 5855 737 5920 Iohanne
763 5864 885 5920 rectore
910 5857 1044 5920 ecclesie
1069 5865 1178 5921 sancte
1202 5855 1304 5920 Maris
1328 5856 1367 5920 dc
1384 5857 1563 5939 Auxilittis,
1581 5865 1611 5920 et
1630 5857 1840 5922 Cazancrnico
1858 5857 1897 5921 de
1914 5858 2134 5940 Porcuncinis,

315 5970 347 6025 ct
371 5963 443 6025 aliis
470 5963 578 6025 multis
602 5962 738 6026 testibus
762 5963 885 6026 vocatis
909 5969 941 6026 ct
965 5964 1098 6048 rogatis.

405 6068 1067 6154 (1111111110Βοιηῑεῑιιεοοιιᾱωη
1098 6072 1262 6155 Accnrsii,
1287 6071 1479 6135 auctoritate
1508 6072 1674 6156 jmperialj
1706 6073 1867 6153 notarius,
1891 6072 1953 6135 hiis
1987 6071 2134 6134 omnibus

314 6197 446 6262 presens
472 6176 536 6258 fni,
562 6183 604 6256 ct,
629 6183 665 6239 ut
689 6197 786 6262 snpra
809 6177 938 6261 legitur,
963 6177 1115 6242 mandato
1140 6178 1282 6264 ipsorum
1306 6179 1509 6242 dominorum
1532 6177 1589 6260 [et]
1613 6177 1690 6241 dicti
1713 6179 1910 6242 Jambonelli
1934 6177 2057 6264 scripsi.

395 6515 434 6578 (l)
454 6513 494 6564 Ex
515 6529 570 6581 reg.
591 6513 612 6564 I.
633 6514 727 6565 lnnoc.
748 6513 813 6578 1v.,
833 6531 875 6582 ap.
897 6517 956 6578 119,
978 6514 1024 6566 Iol.
1047 6519 1106 6580 113,
1126 6515 1317 6581 MCCXLIV.,
1336 6515 1442 6568 XXXI.
1461 6518 1534 6570 maii.
