5544 7750
1031 641 1113 690 166.
1146 640 1218 690 616.
1249 641 1295 688 66
1324 639 1409 689 can.
1439 639 1546 690 6666.
2120 618 2194 689 359

377 797 519 894 publica
555 796 787 892 Burdigalam
817 795 862 868 ad
901 795 1120 868 Clementem
1144 795 1190 867 V.
1220 794 1408 890 legatione,
1439 803 1478 867 ut
1507 819 1626 868 coram
1655 795 1730 892 ipso
1760 795 1803 868 de
1831 795 2050 890 gravissimis
2087 818 2196 889 nego-

378 921 440 994 ciis
469 930 603 1017 ageret.
625 921 682 994 Ex
711 920 860 1019 publicis
888 919 1018 993 tabulis
1046 920 1091 992 ad
1120 919 1213 992 hunc
1242 944 1385 1014 annum,
1407 920 1598 1017 septembri
1618 944 1750 1015 mense,
1772 920 1999 1015 consignatis,
2020 919 2056 991 id
2076 927 2195 1016 patet;

378 1055 415 1119 ct
443 1047 605 1143 quamvis
633 1047 669 1118 in
698 1047 823 1119 iisdem
852 1045 993 1117 minime
1022 1043 1222 1117 declaretur
1251 1043 1333 1140 quid
1364 1069 1490 1118 revera
1513 1046 1650 1140 negocii
1670 1044 1854 1118 Bonifacio
1875 1045 2019 1140 eiusque
2040 1043 2196 1138 collegae

377 1170 557 1244 Ubaldino
595 1173 638 1244 de
676 1169 880 1244 Malavoltis
915 1170 1167 1242 demandatum
1206 1194 1269 1266 per
1303 1178 1443 1242 nostros
1471 1170 1599 1264 fucrit,
1630 1169 1864 1241 dubitandum
1894 1180 2012 1242 tamen
2040 1193 2111 1241 non
2140 1176 2197 1244 cst

377 1296 462 1392 quin
490 1319 569 1368 cum
598 1296 640 1368 iis
670 1319 760 1392 quae
786 1295 952 1389 diximus,
974 1293 1185 1389 cognatione
1206 1302 1241 1365 et
1261 1293 1434 1366 affinitate
1458 1295 1711 1367 contineretur.
1734 1295 1840 1366 Certe
1864 1294 1962 1366 cordi
1982 1317 2196 1390 magnopere

351 1420 444 1512 Ι1611
472 1421 609 1494 civibus
638 1421 768 1493 nostris
797 1427 837 1491 ut
865 1419 1043 1491 duumviri
1071 1419 1130 1490 isti
1159 1418 1203 1491 ad
1231 1418 1441 1491 Pontificem
1470 1419 1622 1515 adirent,
1645 1428 1679 1492 61
1703 1444 1747 1491 66
1777 1427 1839 1492 661
1867 1443 1984 1492 moras
2013 1426 2198 1491 necterent

377 1553 440 1618 aut
468 1546 609 1618 omnino
638 1544 854 1638 legationem
883 1544 918 1615 in
947 1569 984 1616 se
1013 1543 1192 1641 suscipere
1220 1552 1443 1638 recusarent,
1465 1544 1606 1616 eosdem
1630 1568 1760 1638 magno
1789 1567 1962 1616 consensu
1990 1553 2025 1616 ct
2054 1543 2197 1641 publica

376 1669 588 1767 interposita
616 1669 1058 1743 auctoritateliberandos
1087 1669 1128 1741 iis
1157 1669 1322 1741 oneribus
1360 1678 1572 1765 sanxerunt,
1602 1693 1704 1766 quae,
1735 1667 1893 1764 obligata
1921 1669 1956 1740 in
1991 1677 2125 1742 certum
2160 1675 2196 1742 et

376 1794 607 1866 constitutum
636 1801 776 1890 tempus
804 1792 889 1887 lide,
916 1793 950 1864 in
981 1817 1017 1864 se
1047 1799 1154 1865 antea
1181 1802 1423 1889 susceperant.
1452 1792 1650 1865 lateralia
1682 1791 1887 1866 Β661166166
1915 1792 2043 1864 vadem
2071 1815 2108 1865 se
2137 1793 2196 1866 de·

375 1917 476 1990 derat
505 1943 568 2015 pro
597 1918 779 1991 Friderico
808 1918 935 1990 comite
966 1918 1008 1990 de
1029 1917 1173 2012 Panico,
1194 1915 1305 1990 leviro
1325 1941 1401 2012 suo,
1428 1926 1463 1990 ct
1482 1942 1561 1989 cum
1581 1917 1773 1990 vadimonii
1792 1916 1951 1990 solvendi
1969 1917 2044 1990 dies
2062 1918 2195 1990 adven·

376 2051 490 2139 taret,
529 2043 656 2116 iccirco
691 2067 735 2114 ne
772 2042 977 2115 Bonifacius
1015 2041 1144 2138 aliique
1179 2042 1239 2138 661
1277 2065 1341 2139 666
1377 2042 1558 2115 Friderico
1596 2042 1860 2140 spoponderant
1893 2041 2073 2137 mulctam,
2104 2065 2195 2139 quac

375 2191 487 2264 penae
506 2167 583 2240 loco
606 2169 781 2264 imperata
800 2166 920 2263 166111,
942 2165 1126 2240 6166616616
1154 2175 1378 2263 cogerentur,
1399 2177 1561 2239 sanctum
1590 2177 1643 2239 est
1670 2192 1714 2239 ne
1743 2167 1825 2263 quid
1857 2167 2100 2240 molestiarum
2128 2167 2196 2264 ipsi

375 2291 523 2388 aliisque
552 2293 676 2365 inferri
704 2301 823 2390 posset
853 2292 979 2389 perid
1010 2290 1178 2388 temporis
1208 2290 1450 2387 intervallum,
1481 2316 1642 2389 666616
1671 2291 1822 2386 negotiis
1852 2291 2002 2388 publicis
2029 2292 2195 2387 gerendis

374 2414 537 2489 Bononia
565 2418 743 2490 abessent.
774 2415 930 2488 Tabulas
958 2416 995 2488 in
1028 2415 1119 2488 hanc
1158 2439 1232 2487 rem
1272 2414 1555 2488 Gherardaccius
1593 2415 1700 2512 vidit,
1731 2416 1804 2511 sed,
1834 2416 1928 2512 quod
1958 2441 2063 2514 saepe
2092 2416 2193 2514 solet,

373 2539 538 2614 haustam
568 2567 613 2614 ex
652 2541 693 2614 iis
729 2542 970 2614 narrationem
1011 2541 1163 2638 turpiter
1197 2541 1387 2613 admodum
1425 2541 1649 2614 deformavit.
1681 2541 1810 2614 Scribit
1851 2542 1945 2614 enim
1982 2540 2196 2638 legationem

374 2666 1110 2762 11666661666Β66661666666166661166
1139 2668 1175 2738 in
1202 2666 1420 2738 Fridericum
1451 2677 1486 2738 et
1515 2666 1707 2761 Ugolinum
1734 2667 1776 2738 dc
1796 2666 1941 2763 Partica,
1963 2667 1999 2738 in
2018 2668 2196 2741 {loannem

375 2790 467 2864 della
496 2790 653 2886 Calcina,
684 2792 721 2863 in
747 2791 952 2889 Philippum
982 2792 1025 2863 de
1054 2792 1162 2864 Pritis
1191 2790 1348 2888 aliosque
1383 2791 1495 2864 socios
1528 2791 1637 2864 latam
1667 2791 2008 2888 condemnationem,
2032 2817 2096 2890 pro
2125 2818 2195 2889 666

375 2915 597 2989 1161616666161
626 2916 751 2988 civitas
776 2917 853 3012 1666
873 2916 966 3013 apud
988 2916 1208 2989 Pontificem.
1240 2916 1381 2988 Somnia
1411 2917 1643 3013 putridaeque
1672 2915 1834 3012 sabulae;
1864 2940 1946 2988 narn
1975 2916 2115 2990 tabulas
2142 2917 2193 2990 lc-

374 3042 472 3136 gcnti
500 3041 690 3114 innotescit
719 3041 840 3114 statim
868 3040 974 3113 aliam
1003 3041 1144 3113 omnino
1173 3041 1281 3113 161666
1309 3040 1496 3134 legationis
1525 3041 1767 3114 decernendae
1797 3066 1952 3114 causam.

480 3165 722 3238 Bononienscs
751 3166 860 3261 igitur
888 3165 1017 3261 Legati
1044 3165 1276 3261 Burdigalam
1305 3166 1350 3238 ad
1379 3166 1588 3238 Pontificem
1618 3166 1768 3263 profecti
1798 3175 1898 3262 sunt,
1928 3166 1988 3240 ubi
2026 3190 2105 3238 curn
2135 3166 2195 3239 diu

375 3291 461 3362 satis
494 3291 717 3363 substiterint
746 3291 959 3387 (septembri
988 3290 1080 3364 enim
1113 3291 1189 3388 ipso
1225 3315 1344 3362 mense
1374 3291 1492 3362 itineri
1519 3314 1556 3362 66
1585 3290 1856 3386 6616661666661,
1887 3291 1951 3363 sub
1980 3289 2194 3362 1611166666

373 3415 545 3488 februarii
571 3415 790 3511 insequentis
818 3415 902 3488 anni
930 3414 1128 3488 Bononiam
1156 3415 1603 3512 666666661166161111661
1632 3423 1685 3487 est
1714 3414 1821 3511 16666,
1843 3415 1981 3510 magnis
2006 3414 2195 3512 implicitos

371 3541 536 3636 negotiis,
558 3549 770 3637 exoptatum
798 3540 952 3612 reditum
980 3549 1161 3613 maturare
1190 3541 1321 3612 minine
1351 3541 1518 3637 potuisse.
1547 3540 1614 3613 Sed
1645 3539 1813 3635 longioris
1831 3539 2001 3637 temporis
2020 3540 2195 3613 iacturam

372 3665 516 3736 minime
545 3689 605 3738 eos
634 3665 758 3737 fecisse
788 3665 946 3737 declarat
974 3665 1061 3737 satis
1090 3665 1245 3737 omnium
1266 3664 1421 3736 civitatis
1441 3665 1603 3737 ordinum
1624 3688 1826 3759 6666611666,
1848 3664 2021 3762 66616616
2041 3665 2194 3738 66661616

372 3790 597 3886 postmodum
628 3791 663 3862 in
693 3790 857 3887 patriam,
879 3790 1043 3862 decretae
1068 3798 1150 3862 sunt
1178 3788 1445 3888 perhonorificis
1472 3789 1591 3862 verbis
1619 3789 1812 3887 impensae,
1834 3813 1921 3886 6666
1949 3790 2038 3862 bene
2064 3789 2193 3863 multas

374 3923 410 3988 et
437 3939 566 4010 graves
594 3915 703 3987 161666
731 3939 767 3986 66
799 3915 1042 3988 ostenderunt.

479 4039 663 4113 Bonilacio
693 4047 812 4112 autern
840 4039 944 4112 166166
974 4039 1037 4112 6111
1065 4064 1173 4114 66616
1201 4041 1302 4112 116661
1334 4041 1404 4112 1661
1438 4039 1549 4113 licuit.
1580 4039 1674 4112 Nam
1708 4063 1801 4112 anno
1839 4039 1900 4135 qui
1937 4040 2098 4136 proxime
2137 4063 2192 4114 66-

372 4174 503 4262 666166
533 4175 587 4237 661
615 4174 650 4237 61
679 4164 821 4262 quidem
850 4165 915 4236 sub
944 4165 1019 4238 cius
1046 4165 1159 4259 initia,
1181 4165 1319 4262 patriae
1335 4190 1427 4238 suae
1456 4177 1495 4238 ut
1525 4173 1759 4260 succurreret,
1780 4189 1910 4237 novam
1929 4165 1965 4236 in
1984 4165 2195 4237 Hetruriam

373 4288 588 4384 legationem
613 4290 710 4361 obire
730 4298 873 4361 6666166
894 4299 958 4361 661.
981 4289 1072 4361 Τ616
1093 4289 1174 4362 16116
1195 4291 1239 4362 ab
1260 4315 1352 4362 61166
1372 4290 1572 4362 MCCCVI.
1594 4314 1730 4362 summo
1751 4314 1831 4361 cum
1850 4290 1998 4387 imperio
2017 4289 2195 4386 Lugduno

374 4415 409 4486 in
437 4413 580 4487 Italiam
609 4440 630 4488 a
659 4413 841 4487 Clemente
871 4415 1043 4488 Pontifice
1073 4426 1221 4488 venerat
1250 4413 2195 4512 1116661666111616660661116611661,6661611161661

373 4539 519 4612 consilio
539 4539 583 4612 ad
605 4546 658 4613 161
676 4538 848 4612 bellorum
873 4539 970 4613 16666
995 4539 1285 4636 rextinguendas,
1308 4540 1470 4613 civitates
1489 4541 1525 4612 in
1545 4539 1769 4613 concordiam
1788 4550 1984 4613 revocaret.
2005 4540 2194 4613 Neminem

374 4663 461 4737 latet
490 4663 715 4738 Ghibellinae
743 4665 890 4737 16611661
918 4666 1033 4763 166616
1050 4689 1264 4763 magnopere
1284 4665 1427 4761 1661666,
1453 4675 1560 4762 61666
1580 4666 1707 4738 iccirco
1728 4690 1784 4738 res
1803 4664 1900 4738 haud
1919 4666 2005 4739 satis
2024 4689 2194 4763 prospere

373 4790 418 4862 ab
447 4789 570 4862 eodem
599 4799 719 4884 gestas
747 4789 855 4862 fuisse
884 4788 1025 4862 illorum
1054 4799 1252 4886 temporum
1282 4790 1439 4863 historiis
1478 4815 1607 4886 magno
1644 4814 1816 4862 consensu
1854 4797 2089 4863 memoratum
2126 4797 2192 4864 est.

375 4913 465 4987 Cum
492 4915 708 4988 Florentinis
737 4917 810 5010 egit
839 4915 952 5012 primo
981 4916 1023 4987 de
1053 4940 1140 5013 pace
1170 4916 1372 4989 sancienda.
1400 4917 1469 4989 Sed
1489 4917 1533 4989 ab
1554 4917 1595 4988 iis
1615 4916 1672 4989 vel
1692 4918 1737 4990 ab
1757 4916 1834 5013 ipsa
1853 4915 2008 4989 civitatis
2027 4916 2143 4989 aditus
2155 4913 2194 4979 (¹)

375 5039 516 5111 omnino
545 5039 756 5136 prohibitus,
777 5039 974 5112 Bononiam
996 5040 1104 5134 venit,
1126 5040 1186 5111 ubi
1206 5041 1478 5113 Jeremiensium
1507 5042 1582 5114 6166
1611 5040 1820 5113 (1661161661
1841 5040 2102 5137 conspiratione
2121 5065 2193 5114 non

374 5163 479 5236 modo
509 5189 587 5235 cum
618 5164 791 5258 dignitate
821 5164 952 5236 diutius
980 5188 1057 5236 esse
1085 5164 1133 5235 illi
1162 5189 1233 5236 non
1256 5164 1372 5260 licuit,
1397 5165 1458 5238 sed
1479 5166 1585 5238 611616
1606 5166 1885 5263 impendentium
1905 5165 2078 5238 maiorum
2098 5164 2193 5237 cala-

375 5287 538 5360 mitatum
568 5297 677 5382 metu,
699 5289 843 5361 civitate
873 5290 1045 5361 excedere
1075 5289 1289 5386 compulsus,
1315 5290 1350 5361 in
1371 5289 1721 5363 Forocornelienscm
1750 5291 1885 5386 urbem,
1915 5289 2014 5362 velut
2041 5289 2078 5361 16
2107 5289 2194 5362 Ghi·

373 5411 582 5486 bellinorum
608 5414 823 5486 tutissimum
849 5423 1003 5510 portum,
1025 5439 1062 5486 se
1087 5415 1232 5511 recepit,
1252 5414 1494 5488 Bononienscs
1523 5415 1608 5487 diris
1637 5415 1781 5487 devovit
1805 5413 2026 5510 61666111166
2046 5421 2194 5511 666661

374 5537 467 5633 igni,
498 5548 537 5610 ut
566 5540 685 5634 aiunt,
716 5537 999 5612 Bononiensibus
1033 5539 1261 5611 interdictum
1290 5539 1414 5635 voluit,
1444 5548 1479 5612 et
1508 5539 1542 5612 16
1572 5539 1706 5636 6116116,
1737 5563 1805 5635 666
1834 5540 2026 5612 maximum
2057 5540 2195 5613 civitati

375 5661 486 5758 infligi
513 5662 641 5736 vulnus
671 5665 801 5760 optime
831 5663 1063 5758 intelligebat,
1083 5664 1338 5737 Universitatis
1357 5665 1491 5737 16611666
1520 5665 1678 5762 66166166
1703 5665 1844 5736 eosdem
1865 5662 2037 5738 66161112).
2060 5665 2193 5754 Quam·

375 5813 481 5884 quam
510 5814 595 5862 vero
633 5799 696 5861 661
732 5788 818 5861 nihil
856 5797 917 5861 aut
956 5814 1081 5886 parurn
1110 5799 1205 5861 carte
1235 5789 1433 5887 proliceret,
1465 5797 1634 5886 attamen,
1665 5789 1872 5861 instauratis
1901 5789 2016 5862 denuo
2044 5789 2191 5886 viribus,

375 5914 537 6010 sequenti
566 5939 659 5986 anno
687 5915 873 5987 Arretium
906 5915 1104 6011 profectus,
1135 5939 1225 6010 quae
1263 5916 1368 6008 urbs,
1399 5939 1478 5987 cum
1512 5913 1795 5986 Ghibellinorum
1824 5914 1983 6010 potentia
2011 5915 2194 5987 dominatu

456 6267 480 6330 (l
503 6270 577 6333 612)
597 6265 684 6335 Saepe
705 6268 731 6319 in
752 6269 920 6337 autographo
941 6267 1037 6320 611166
1057 6269 1166 6338 quidem
1187 6269 1256 6333 loco,
1310 6268 1462 6344 locutiones
1487 6267 1676 6334 iarebiuntur;
1695 6283 1749 6337 qua
1773 6284 1802 6319 66
1826 6269 1893 6320 66116
1912 6271 2019 6320 6666161
2037 6283 2195 6336 supremam

375 6355 460 6406 666116
479 6355 637 6424 6161166666
657 6357 718 6408 allis
738 6362 936 6425 supponuntur,
950 6357 1033 6409 rerba
1050 6361 1140 6408 tamon
1161 6363 1256 6409 extan-
1310 6357 1429 6408 auctoris
1449 6356 1666 6408 emendationem
1686 6356 1815 6408 defuisse.

377 6445 429 6510 tia,
448 6461 518 6514 quae
542 6446 724 6515 expungenda
753 6449 839 6498 erant.
859 6447 936 6498 111166
961 6451 1053 6498 autem
1077 6447 1254 6515 imperfectae
2030 6449 2066 6512 (c.
2088 6452 2129 6512 11.)
