5484 7746
643 606 718 676 286
1395 627 1717 678 nonunsnroaun

634 783 766 867 fortasse
781 782 945 866 deperdito,
957 783 1017 846 tulo
1032 784 1174 846 initiam:
1187 782 1288 868 Copia
1305 782 1520 868 antiquissimi
1648 781 1688 846 V.
1714 782 1880 847 kalendas.
1905 783 2001 847 Anno
2029 783 2159 849 Domini
2183 785 2349 850 hICCVII.
2375 787 2461 872 Objit

637 890 819 954 kalendarii
842 899 951 954 sancte
976 889 1078 954 11111(
1095 890 1134 954 de
1150 890 1277 972 Rheno,
1295 891 1381 954 saeta
1406 889 1445 954 de
1470 912 1521 954 or·
1586 888 1772 952 Willelmus
1795 890 1834 954 de
1853 890 1947 973 Seva,
1966 891 2005 954 dc
2022 913 2084 976 quo
2102 891 2272 956 habuimus
2288 894 2329 956 X.
2348 896 2460 962 soldos.

637 998 711 1062 dine
735 997 902 1062 reverendi
926 998 1026 1083 patris
1051 997 1160 1062 fratris
1185 997 1341 1084 Stephani
1361 997 1454 1063 Cioui
1477 997 1517 1062 de
1649 996 1707 1060 IV.
1731 997 1896 1060 kalendas.
1915 999 2010 1062 Anno
2026 999 2179 1064 MCCIII.
2197 1000 2288 1085 Objit
2313 1003 2461 1086 rrragister

639 1106 749 1186 Senis,
775 1106 850 1190 quia
879 1105 958 1169 illud
987 1106 1056 1190 jam
1089 1106 1231 1169 lacerum
1262 1113 1294 1169 (1
1329 1106 1520 1192 antiquitate
1585 1101 1659 1188 Ugo
1684 1102 1723 1167 de
1748 1103 1944 1168 Monasterio
1977 1105 2009 1168 in
2041 1107 2227 1192 episcopatu
2252 1111 2401 1190 Aestiua,
2425 1111 2460 1176 (1(

637 1235 801 1278 corrosum
832 1212 871 1278 de
897 1213 984 1276 facIIi
1008 1214 1112 1276 amitti
1136 1222 1253 1300 posset.
1277 1213 1319 1278 Et
1344 1215 1455 1300 incipit
1478 1213 1519 1278 ad
1585 1232 1648 1296 quo
1684 1211 1855 1276 habuimus
1890 1212 1966 1276 VII.
1996 1213 2095 1276 libras
2130 1215 2369 1282 bononenorum
2406 1241 2460 1304 pro

636 1321 791 1386 honorem
807 1320 938 1385 Domini
963 1321 1062 1385 nostri
1080 1319 1257 1385 Salvatoris
1281 1329 1313 1385 et
1336 1320 1520 1386 beatissime
1584 1319 1692 1382 anima
1715 1321 1796 1404 ejus.

636 1427 780 1512 Virginis
797 1427 908 1490 matris
925 1429 995 1512 ejus
1013 1427 1125 1492 Maris.
1143 1427 1258 1492 Amen.
1283 1427 1518 1492 Kalendarium
1947 1429 2100 1494 Arrrms.

635 1535 840 1614 Rhenanum,
854 1535 962 1620 inquo
976 1543 1139 1621 ponuntur
1155 1535 1260 1598 obitus
1284 1535 1454 1600 illustrium
1472 1537 1518 1600 si·
1646 1531 1704 1597 VI.
1722 1533 1792 1597 idus
1809 1556 1838 1600 a.
1855 1535 1886 1599 (1.
1902 1535 2115 1601 MCCLXXI.
2133 1538 2223 1624 Objit
2239 1540 2386 1604 domiuus
2402 1541 2460 1606 Pe-

635 1665 745 1708 rorum
757 1642 992 1708 Canonicorum
1004 1643 1154 1706 Fratrum
1173 1651 1354 1707 nostrorum
1371 1651 1403 1707 et
1419 1643 1515 1708 boue·
1583 1647 1651 1705 trus
1675 1641 1714 1705 de
1730 1642 1762 1705 la
1779 1642 1949 1707 Frenedha
1966 1644 2005 1708 de
2022 1647 2183 1730 provintia
2200 1647 2405 1725 Normandia
2423 1651 2460 1716 de

637 1749 796 1815 factorum
813 1749 973 1815 Canonice
990 1757 1099 1814 sancte
1116 1749 1217 1814 Maria
1235 1750 1274 1814 de
1290 1751 1416 1815 Rheno.

975 1859 1182 1924 damnamus

698 1966 855 2030 Kalendis
876 1967 1027 2050 januarii.
1049 1965 1139 2050 Objit
1161 1961 1314 2051 magister
1338 1966 1512 2051 Bulgarus,

636 2072 747 2138 doctor
771 2074 865 2158 legis.

697 2180 756 2245 VI.
781 2181 862 2244 idus.
898 2180 989 2265 Objit
1020 2182 1174 2266 magister
1205 2180 1316 2262 Oddo,
1341 2181 1513 2244 eanonicus

636 2289 739 2352 sancti
762 2289 862 2352 Petri.

698 2395 746 2459 Id.
771 2397 867 2460 Anno
891 2395 1022 2460 Domini
1046 2394 1222 2460 MCCLIV.
1241 2394 1331 2479 Objit
1350 2394 1512 2458 Robertus

635 2504 791 2589 anglicus,
817 2504 916 2567 frater
940 2511 1058 2567 noster.
1082 2503 1219 2568 Oremus
1244 2525 1302 2588 pro
1327 2524 1376 2566 eo.

958 2610 1192 2675 Fassusarns.

696 2719 742 2783 II.
768 2741 879 2784 nonas.
904 2718 995 2804 Objit
1029 2719 1176 2782 domiuus
1207 2717 1385 2782 Bandiuus.
1419 2717 1514 2780 Anno

635 2826 853 2891 MCCXVIII.
871 2826 910 2890 de
935 2847 997 2912 qno
1020 2825 1192 2890 habuimus
1216 2825 1279 2889 III.
1297 2825 1396 2889 libras
1413 2825 1487 2889 bou.

733 2951 873 3002 Bandiuus
893 2949 996 3001 Tuscus
1016 2950 1108 3018 legum
1128 2951 1271 3018 splendore
1292 2965 1429 3012 coruscus,

734 3039 765 3090 ln
786 3040 850 3091 Pisa
870 3043 949 3092 uatus
965 3041 1042 3108 jacet
1061 3040 1111 3090 hoc
1131 3039 1236 3090 tumulo
1256 3039 1414 3090 tumulatus.

697 3149 808 3213 Nonis.
824 3149 913 3234 Objit
930 3147 1166 3213 Clarimbaldus
1183 3147 1381 3228 sedunensis,
1395 3147 1434 3210 de
1452 3167 1514 3232 quo

635 3256 806 3320 habuimus
830 3255 905 3319 XX.
930 3255 1037 3320 soldos
1062 3255 1258 3341 pisanorum.

696 3363 789 3427 XIV.
817 3363 984 3427 kalendas.
1017 3361 1107 3446 Objit
1141 3362 1295 3447 magister
1329 3361 1515 3424 Vl'ilielmus

636 3471 895 3536 winchoniensis.

698 3579 761 3644 III.
779 3579 945 3643 kalendas.
964 3579 1059 3643 Anno
1083 3577 1214 3642 Domini
1237 3577 1452 3642 MCCXXIX.
1471 3575 1514 3640 O-

635 3685 696 3772 bjit
720 3689 874 3772 magister
897 3686 1100 3750 Lausrauous
1123 3685 1162 3750 de
1188 3685 1317 3767 Crema,
1342 3705 1514 3749 conversus

634 3803 744 3859 sancte
768 3794 870 3858 Maris
894 3792 933 3857 ds
955 3793 1060 3876 Reno,
1078 3793 1116 3857 de
1133 3814 1197 3880 quo
1221 3792 1391 3856 habuimus
1417 3812 1514 3855 11111

636 3903 764 3970 niueam
786 3903 925 3988 positam
947 3901 979 3964 in
1002 3900 1124 3984 Linum,
1149 3907 1181 3964 et
1207 3921 1306 3964 unam
1329 3899 1458 3963 domum
1482 3905 1514 3964 ot

635 4012 753 4075 multas
776 4009 993 4096 possessiones
1017 4009 1050 4072 ia
1071 4007 1237 4072 Ulmetula
1253 4008 1384 4094 positas,
1402 4015 1433 4071 et
1449 4007 1514 4071 alia

635 4119 736 4182 multa
759 4118 855 4200 bona,
872 4138 929 4202 pro
953 4137 1017 4203 quo
1040 4122 1188 4180 tenemur
1203 4135 1261 4201 pro
1278 4136 1316 4178 eo
1332 4114 1514 4200 specialiter

634 4250 737 4292 orare.

696 4334 742 4399 II.
766 4333 933 4400 kalendas.
958 4333 1049 4418 Objit
1072 4332 1236 4396 Hebertus
1260 4332 1416 4416 anglicus.

990 4440 1159 4504 Mosarna.

696 4549 755 4613 IV.
780 4569 890 4612 nonas.
916 4548 1007 4633 Objit
1030 4547 1184 4633 magister
1206 4545 1325 4609 Pratus
1349 4544 1511 4630 archipre-

634 4658 761 4742 [s'lbiter
782 4657 822 4720 de
845 4656 1015 4740 Polinago.

695 4764 772 4828 VII.
787 4764 867 4827 idus.
885 4763 976 4848 Objit
992 4762 1160 4828 Iohannes
1183 4761 1371 4826 teatinuslll
1384 4761 1509 4824 schola-

633 4875 686 4956 ris,
704 4873 743 4937 de
768 4894 830 4958 quo
853 4871 1024 4935 habuimus
1041 4869 1116 4934 XV.
1134 4868 1241 4934 soldos
1257 4870 1510 4934 bononenorum.

694 4980 805 5046 XVII.
818 4979 975 5043 kalendas
992 4979 1113 5064 aprilis.
1128 4978 1219 5064 Objit
1235 4977 1419 5040 Wilielmus
1437 4977 1511 5040 sub·

632 5090 786 5154 diaconus
809 5087 849 5151 de
874 5086 984 5170 Troja.

693 5197 769 5261 XV.
785 5194 952 5258 kalendas.
974 5191 1065 5276 Ohja
1089 5191 1195 5256 Guido
1218 5191 1454 5277 arziepiscopus
1472 5191 1511 5256 (2)

632 5325 793 5476 ²²unss
804 5408 972 5473 kalendas.
996 5409 1092 5472 Auno
1116 5406 1247 5471 Domini
1262 5406 1511 5472 MCOXXXIV.

633 5521 723 5606 Objit
746 5520 830 5583 boue
854 5516 1006 5580 memorie
1031 5515 1178 5578 dominus
1198 5514 1386 5578 Bonifaoius
1402 5515 1513 5579 doctor

631 5629 751 5713 legum,
763 5646 822 5712 pro
835 5646 899 5710 quo
914 5623 1086 5688 habuimus
1103 5621 1182 5686 duos
1198 5621 1419 5686 baldachinos.
1433 5623 1512 5688 Ore-

631 5757 701 5800 mus
724 5756 783 5820 pro
808 5755 856 5796 eo.

693 5841 769 5906 VII.
784 5839 951 5904 kalendas.
970 5839 1060 5924 Objit
1076 5838 1229 5923 magister
1245 5837 1406 5922 Rogerius
1423 5839 1513 5924 agni-

630 5952 940 6032 (1113),(11111111
964 5946 1067 6010 sancti
1092 5945 1279 6009 Salvatoris.

692 6057 784 6141 Objit
817 6054 1005 6136 Rolandus,
1035 6053 1137 6117 abbas
1172 6053 1357 6117 monasterii
1392 6052 1513 6138 Virgil-

628 6165 749 6231 lieusis.

692 6419 730 6483 (1)
749 6417 891 6468 Fortasse:
911 6415 1042 6467 reclama.

691 6511 730 6574 (2)
751 6507 801 6558 sic.

1582 1749 1711 1812 civitate
1731 1799 1889 1832 ......
1915 1751 2023 1836 [dioc]
2046 1802 2187 1818 .....
2211 1757 2329 1840 gensis,
2348 1758 2460 1822 nobilis

1586 1855 1695 1936 miles;
1717 1857 1757 1920 de
1782 1879 1844 1942 quo
1868 1858 2039 1923 habuimus
2063 1882 2161 1924 uuum
2186 1864 2399 1948 copertorium
2423 1865 2459 1930 de

1581 1963 1682 2028 scrico
1699 1971 1731 2026 ct
1747 1964 1841 2028 VIII.
1860 1965 1958 2030 libras
1975 1967 2216 2032 bononenorum
2233 1979 2264 2033 et
2281 1971 2344 2034 alia
2363 1973 2460 2037 1111111

1581 2069 1682 2134 bona:
1717 2073 1809 2157 quus
1844 2095 1959 2160 eorpus
1992 2076 2080 2159 jacet
2115 2077 2146 2140 in
2178 2078 2319 2142 claustro
2356 2089 2461 2146 nostro

1578 2177 1674 2261 juxta
1691 2200 1817 2242 murum
1841 2181 1974 2245 ecclesie
1999 2183 2081 2246 iuter
2104 2185 2280 2248 sacrarium
2304 2197 2337 2250 et
2361 2189 2461 2252 altare

1581 2287 1683 2348 sancti
1697 2285 1890 2370 Salvatoris3
1904 2290 1996 2374 cujus
2012 2291 2120 2354 anima
2132 2293 2311 2378 requiescat
2326 2295 2357 2356 in
2371 2318 2459 2380 paee.

1579 2391 1695 2456 Amen.
1715 2393 1851 2458 Oremus
1868 2417 1925 2480 pro
1942 2417 1990 2460 e0.

1642 2499 1699 2564 IV.
1725 2501 1806 2565 idus.
1831 2504 1927 2568 Anno
1954 2504 2082 2568 Domini
2106 2505 2353 2590 Monxxxl'„
2380 2512 2460 2576 indi·

1581 2607 1685 2672 otIoue
1710 2609 1806 2675 VIII.

1642 2716 1732 2781 Obiit
1760 2718 1907 2782 dominus
1941 2719 2084 2784 Iacobus
2119 2721 2290 2806 Balduiui‚
2319 2749 2461 2791 summus

1580 2823 1691 2888 doctor
1715 2824 1834 2910 legum.

1643 2931 1691 2995 Id.
1717 2932 1813 2998 Auno
1838 2933 1968 2998 Domini
1992 2935 2158 3000 MCCVII.
2183 2937 2274 3022 Objit
2298 2939 2460 3004 Herman-

1580 3059 1640 3102 uus
1669 3042 1854 3124 monachus,
1879 3043 2031 3128 augensis
2059 3045 2193 3108 ecclesie
2224 3046 2396 3129 diaeonus,
2422 3048 2460 3113 de

1579 3167 1642 3232 quo
1666 3147 1836 3212 habuimus
1860 3149 1903 3214 X.
1928 3150 2034 3215 soldos
2059 3151 2300 3217 boloneuorum.

1643 3253 1718 3318 VII.
1744 3255 1913 3320 kalendas.
1937 3257 2053 3322 Obitus
2078 3259 2178 3343 patris
2202 3269 2234 3324 et
2258 3263 2368 3325 matris
2395 3285 2461 3328 ma·

1579 3359 1672 3444 gistri
1694 3361 1735 3425 R.
1760 3362 1799 3426 de
1823 3363 1996 3428 Hereford.

1640 3467 1737 3533 XIII.
1756 3470 1921 3534 kalendas.
1938 3471 2034 3536 Anno
2055 3472 2185 3536 Domini
2202 3473 2350 3540 MCCXI.
2368 3477 2461 3562 Objit

1579 3573 1751 3640 Wilelmus
1776 3579 1939 3663 anglicus,
1961 3601 2019 3665 pro
2044 3602 2106 3666 quo
2130 3581 2301 3646 habuimus
2330 3595 2461 3649 centum

1579 3682 1685 3746 soldos
1716 3685 1958 3752 bononenorum
1988 3709 2047 3774 pro
2079 3710 2175 3773 opere
2207 3691 2310 3754 sorreti
2335 3692 2462 3757 Thome

1578 3793 1740 3877 martyris.

1639 3900 1682 3965 X.
1703 3901 1869 3966 kalendas.
1893 3901 1984 3988 Objit
2007 3903 2161 3988 magister
2184 3905 2284 3970 Wido
2305 3907 2460 3990 medicus,

1578 4006 1617 4071 de
1646 4029 1709 4095 quo
1738 4008 1908 4073 habuimus
1939 4010 1998 4074 VI.
2023 4011 2122 4074 libras
2153 4012 2398 4078 bononenorum
2431 4023 2463 4080 et

1577 4137 1675 4180 unam
1698 4137 1816 4181 casam.

1640 4223 1685 4288 II.
1711 4225 1878 4290 kalendas.
1903 4226 1994 4310 Objit
2018 4227 2175 4311 magister
2196 4228 2465 4310 (1111111111-

1577 4353 1633 4397 cus
1658 4341 1767 4397 saucto
1791 4333 1894 4398 hiarie
1919 4334 1959 4398 de
1982 4335 2086 4399 Reno.

1942 4441 2090 4506 1111111.

1638 4547 1696 4612 VI.
1714 4569 1825 4612 nouas.
1844 4549 1935 4633 Objit
1950 4549 2164 4636 Ildeprandus
2189 4552 2345 4636 presbiter
2362 4575 2462 4617 (111-

1575 4655 1666 4719 nious
1683 4677 1707 4719 s.
1724 4655 1827 4720 11111(
1844 4656 1883 4720 de
1900 4656 2003 4739 Reno,
2018 4659 2073 4743 qui
2089 4665 2222 4722 vocatur
2234 4658 2462 4725 Mandueator.

1638 4762 1696 4828 IV.
1718 4784 1829 4827 nonas.
1854 4765 1950 4828 Anno
1967 4764 2098 4830 Domiui
2115 4765 2264 4830 MCCIV.
2282 4767 2374 4851 Oojit
2393 4790 2462 4832 ma-

1575 4871 1676 4956 gister
1691 4870 1858 4935 Iohannes
1881 4871 1991 4935 Morsu
2012 4893 2186 4936 conversus
2202 4881 2320 4954 noster,
2338 4876 2395 4959 qui
2414 4897 2464 4940 re·

1575 4978 1669 5064 liquit
1700 4979 1792 5042 nobis
1816 4977 1946 5043 domum
1970 4987 2002 5043 et
2027 4980 2134 5043 onmia
2159 5001 2217 5042 sua
2242 4980 2336 5044 bona.
2361 4983 2463 5048 Anno

1575 5085 1707 5150 Domini
1730 5085 1942 5151 MOOXLVI.

1638 5194 1729 5279 Objit
1744 5194 1899 5279 magister
1914 5194 2031 5258 Petrus
2044 5194 2219 5259 Perosiuus
2233 5195 2376 5258 medicus
2393 5198 2463 5260 vul·

1575 5323 1699 5384 nerum,
1717 5303 1771 5388 qui
1788 5302 1917 5387 reliquit
1933 5302 2025 5366 nobis
2043 5323 2142 5366 unum
2157 5303 2279 5388 palium
2296 5304 2463 5368 valentem

1575 5408 1653 5473 VII.
1673 5409 1773 5472 libras
1796 5410 2049 5491 bononenorum‚
2076 5416 2107 5473 et
2130 5409 2201 5474 XL.
2226 5410 2332 5474 soldos
2359 5411 2464 5475 bono·

1576 5537 1732 5581 nenorum
1755 5539 1813 5603 pro
1837 5538 1901 5581 uno
1925 5518 2088 5603 psalterio.

1638 5626 1684 5690 II.
1709 5647 1820 5690 nonas.
1845 5625 1936 5709 Objit
1959 5626 2114 5709 magister
2143 5625 2329 5689 Vl'ilielmus
2354 5626 2464 5711 angli·

1577 5757 1633 5800 cus
1655 5734 1874 5819 lugdonensis,
1899 5733 1938 5796 dc
1962 5755 2025 5818 quo
2054 5733 2225 5797 habuimus
2250 5735 2466 5820 quamplures

1578 5843 1676 5906 libros
1704 5849 1736 5905 et
1757 5840 1868 5904 XVII.
1889 5840 2018 5904 soldos.
2045 5889 2052 5904 .
2078 5889 2085 5904 .
2111 5862 2144 5904 so
2162 5840 2253 5904 nobis
2278 5862 2335 5926 pro
2362 5864 2464 5905 eano-

1577 5950 1649 6014 nico
1671 5957 1703 6013 et
1726 5949 1825 6012 fratre
1850 5969 1935 6011 anno
1960 5947 2089 6012 Domini
2105 5947 2398 6031 nonxxxl'n„
2419 5950 2467 6012 in-

1577 6057 1715 6122 dictione
1738 6056 1779 6120 V.

1638 6165 1712 6229 XV.
1738 6164 1894 6228 kalendas
1925 6162 2159 6227 MCOXXXII.
2189 6163 2280 6246 Objit
2309 6164 2467 6228 domimus

1637 6416 1676 6481 (3)
1696 6413 1821 6465 Fortasse
1841 6413 1971 6478 eruptione.
