5544 7750
1056 665 1138 716 aua.
1169 665 1241 716 crv.
1271 665 1319 714 ur
1348 665 1432 714 cau.
1462 664 1570 716 raon.
2146 644 2218 716 361

406 841 560 913 suaeque
589 819 726 916 patriae
755 819 922 917 prodesse
951 845 1144 917 numquam
1173 820 1309 894 destitit
1337 821 1633 918 quemadmodum
1653 845 1698 894 ex
1718 821 1806 893 actis
1829 821 1960 894 nostris
1985 819 2133 918 publicis
2153 821 2224 894 col-

406 940 467 1037 ligi
496 951 623 1040 potest.
645 943 713 1016 Sed
742 944 828 1017 iuris
848 944 978 1041 studia,
998 945 1106 1018 etiam
1125 944 1361 1041 longoveluti
1379 945 1567 1019 intervallo
1587 946 1801 1042 intermissa,
1822 971 2007 1020 revocasse
2027 946 2224 1043 putandum

406 1076 471 1141 est.
502 1067 591 1141 Cum
621 1069 714 1140 enim
742 1069 867 1142 eadem
899 1095 1116 1168 magnopere
1151 1070 1300 1143 florente
1339 1079 1457 1144 aetate
1496 1070 1709 1144 excoluisset
1737 1080 1773 1144 et
1801 1096 1871 1144 non
1901 1072 2113 1144 mediocrem
2141 1071 2223 1144 inde

406 1193 554 1288 gloriam
584 1194 651 1266 sibi
678 1202 931 1290 comparasset,
953 1195 1109 1267 dubitari
1137 1218 1221 1268 sane
1252 1218 1323 1268 non
1342 1202 1460 1291 potest
1480 1195 1563 1291 quin
1583 1195 1737 1292 aliquem
1756 1194 1883 1268 saltem
1901 1196 2010 1268 animi
2029 1197 2223 1292 requietem

404 1328 541 1413 nactus,
562 1317 714 1392 libenter
733 1328 769 1391 et
789 1343 917 1414 magna
936 1320 1045 1392 animi
1065 1320 1294 1392 consensione
1323 1320 1358 1390 in
1388 1344 1430 1392 ea
1456 1343 1493 1392 se
1517 1320 1646 1393 iterum
1664 1320 1851 1393 abdiderit.
1872 1320 2086 1393 Huiusmodi
2105 1331 2224 1394 autem

404 1445 610 1539 graviorum
646 1444 868 1538 negotiorum
903 1445 1089 1517 vacatione
1127 1469 1209 1518 usus
1245 1453 1298 1516 est
1335 1469 1446 1541 usque
1475 1444 1519 1516 ad
1548 1469 1680 1518 annum
1708 1444 2007 1542 dccccxviii,
2037 1470 2107 1542 quo
2141 1469 2226 1518 sanc

404 1594 534 1642 novam
562 1569 657 1665 apud
685 1569 895 1642 Pontificem
930 1568 1143 1664 legationem
1178 1569 1275 1642 obire
1313 1569 1428 1667 ipsum
1462 1570 1631 1667 oportuit.
1661 1570 1715 1643 De
1744 1569 1810 1642 hac
1840 1571 1981 1666 quidem
2011 1579 2151 1644 constat
2179 1596 2224 1644 ex

404 1695 493 1767 actis
528 1693 675 1791 publicis
709 1693 866 1766 eiusdem
901 1695 1006 1790 anni;
1039 1695 1100 1767 sed
1134 1695 1218 1791 quid
1249 1719 1376 1768 revera
1409 1695 1543 1790 negotii
1572 1695 1638 1792 ipsi
1667 1695 1811 1792 eiusque
1841 1696 1944 1768 sociis
1973 1696 2226 1768 demandatum

404 1819 513 1892 fuerit
542 1844 586 1892 ex
615 1819 739 1892 iisdem
768 1819 911 1891 minime
940 1827 1102 1917 apparet.

509 1945 656 2017 Maioris
684 1968 769 2018 sane
798 1944 967 2018 momenti
994 1943 1208 2037 legationem
1237 1946 1282 2018 ad
1311 1945 1536 2018 Florentinos
1565 1955 1601 2019 et
1629 1945 1803 2018 Senenses
1833 1945 1989 2042 suscepit
2017 1946 2223 2020 Bonilacius

403 2093 496 2142 anno
525 2067 746 2141 MCCCXX.
777 2068 975 2140 Bononiam
1004 2077 1153 2141 venerat
1179 2069 1391 2142 Franciscus
1410 2069 1619 2167 Ramponus
1639 2070 1837 2144 cenetensis
1855 2069 2053 2167 Episcopus
2078 2067 2222 2165 electus,

403 2196 463 2290 qui
495 2195 679 2269 Pontificis
717 2196 857 2267 nomina
887 2195 939 2288 (is
967 2202 1044 2267 erat
1072 2195 1230 2267 loannes
1259 2195 1403 2289 XXII.)
1433 2209 1648 2292 magnopere
1682 2195 1784 2292 petiit
1820 2194 2152 2268 aBononiensibus
2185 2204 2225 2266 ut

404 2321 634 2418 profligandis
663 2321 804 2418 penitus
834 2319 978 2392 tandem
1008 2317 1220 2392 Ghibellinis
1250 2321 1345 2393 omni
1373 2329 1503 2393 conatu
1522 2321 1779 2415 incumberent,
1801 2321 1896 2416 quod
1914 2319 2010 2393 haud
2030 2344 2113 2414 egre
2134 2320 2225 2393 obti-

403 2471 487 2519 nere
516 2454 681 2544 poterent
710 2446 738 2518 si
767 2445 880 2518 socios
909 2469 955 2517 ex
984 2445 1183 2541 praecipuis
1214 2444 1339 2518 Italiae
1368 2445 1515 2518 urbibus
1552 2445 1800 2518 adsciscendos
1836 2453 2014 2517 curarent.
2045 2445 2146 2517 Haeo
2185 2453 2224 2517 ut

363 2583 372 2596 ’
405 2579 529 2644 notum
558 2577 612 2642 est
642 2594 728 2643 cura
760 2629 767 2644 .
800 2628 806 2642 .
840 2628 847 2642 .
880 2567 955 2642 .(¹l.

485 2908 524 2972 (l)
544 2906 595 2958 Hic
617 2906 727 2957 mutilus
747 2904 896 2958 Factorinii
915 2905 1109 2974 autographus.
