5544 7750
619 645 696 716 310

616 820 658 886 D.
673 821 877 886 Guillielmus
897 821 1069 904 Dominici,
1085 822 1170 886 lilius
1187 821 1308 887 domini
1323 821 1500 888 Guillielmi

723 928 762 994 (19
786 928 974 994 0919199119.

613 1035 656 1102 D.
681 1035 885 1102 Guillielmus
913 1036 952 1101 de
975 1035 1086 1102 Monte
1109 1037 1219 1120 dosis,
1242 1038 1415 1102 canonicus
1449 1037 1496 1102 al·

720 1143 851 1208 biensis.

613 1250 654 1315 D.
680 1249 884 1316 Guillielmus
908 1250 947 1314 de
969 1250 1123 1335 Verueto,
1141 1258 1253 1316 cantor
1275 1251 1394 1316 1199119
1410 1252 1493 1316 Β19-

719 1358 819 1422 99919.

611 1464 653 1529 D.
677 1465 850 1550 Henricus,
874 1467 1047 1532 canonicus
1071 1467 1293 1532 aristeneusis.

610 1572 652 1638 D.
677 1573 850 1658 Henricus,
874 1573 1047 1639 canonicus
1071 1575 1174 1639 sancti
1201 1575 1324 1639 Thome
1351 1574 1492 1660 argenti·

717 1682 825 1746 nensis
848 1681 888 1747 de
912 1681 1006 1746 domo
1029 1681 1069 1746 de
1092 1681 1307 1747 Marescottis.

609 1787 651 1853 D.
664 1787 825 1854 Henricus
838 1788 877 1853 de
889 1788 1087 1872 Murcheliis,
1100 1788 1487 1854 999991991119111199919.

608 1895 854 1961 Ι).Η91·9(111199
878 1897 917 1961 de
940 1895 1051 1962 Firmo
1074 1897 1158 1962 lilius
1181 1897 1489 1964 (19111911191911111.

607 2001 695 2088 Mag.
719 2003 899 2068 Hostaxius
924 2003 963 2068 de
988 2003 1101 2068 Mella.

607 2109 696 2196 Mag.
722 2111 820 2197 Hugo
844 2111 966 2177 domini
988 2111 1138 2196 Hugonis
1163 2111 1298 2198 Vigerii.

606 2217 649 2283 Ι).
672 2217 772 2304 Hugo
795 2219 835 2284 de
859 2219 1083 2305 Mathaplana.

606 2325 649 2390 D.
674 2325 773 2411 Ilugo
797 2325 837 2390 de
860 2325 1066 2412 Luzagnaco.

605 2433 647 2498 D.
672 2433 815 2499 Jacobus
839 2434 878 2498 de
903 2435 1127 2521 (lamperellis.

605 2541 647 2607 D.
671 2540 814 2607 Jacobus
846 2541 885 2606 de
915 2541 1000 2606 Exin
1013 2543 1062 2626 (ll,
1086 2551 1190 2608 rector
1218 2544 1351 2608 ecclesie
1383 2543 1488 2608 999911

711 2649 807 2714 Pauli
832 2649 871 2714 de
895 2648 1003 2714 Valle.

605 2755 646 2820 Ι).
671 2756 813 2822 Jacobus
837 2757 876 2822 de
899 2757 1054 2842 Ladun0,
1078 2758 1188 2844 legum
1218 2759 1329 2824 doctor
1356 2767 1389 2823 91
1411 2781 1486 2846 pro·

713 2864 825 2930 sessor.

604 2969 645 3036 D.
670 2971 858 3056 Joschinus,
877 2973 1054 3059 hungarus,
1072 2972 1316 3038 archidiaconus
1341 2973 1380 3038 de
1405 2973 1483 3040 Oar-

712 3102 815 3145 maza.

603 3187 691 3274 hlag.
714 3187 881 3254 lohannes
905 3188 944 3253 de
968 3188 1104 3271 Baraco,
1126 3190 1313 3254 senonensis
1336 3189 1483 3256 (11999919.

601 3295 690 3382 Mag.
714 3295 881 3361 Johannes
904 3295 944 3360 (19
967 3295 1136 3362 11919999.

600 3403 688 3490 Mag.
713 3404 880 3469 lohannes
904 3403 943 3468 de
968 3403 1142 3488 Mauduno,
1159 3405 1392 3469 aurelianensis
1416 3405 1484 3470 dio·

713 3533 804 3576 99919.

576 3615 583 3632 ‘
604 3619 645 3684 D.
668 3619 836 3684 lohannes
860 3619 1061 3704 Gondisalvi,
1086 3620 1258 3685 canonicus
1281 3620 1461 3706 burgensis.

602 3726 645 3792 D.
668 3727 834 3792 Johannes
858 3727 981 3792 11911191
1004 3727 1044 3791 de
1068 3727 1239 3792 19191919.

602 3833 644 3900 D.
661 3835 683 3900 J
685 3835 827 3899 ohannes
844 3834 883 3899 de
899 3833 1068 3919 Vercellis,
1085 3835 1257 3900 canonicus
1277 3835 1483 3902 lincolnensis

709 3949 742 4006 et
764 3941 975 4008 belcavensis.

600 4048 643 4113 D.
659 4049 681 4114 J
683 4049 825 4114 ohannes
837 4049 1002 4134 Ungarus,
1016 4049 1259 4114 archidiaconus
1272 4050 1312 4115 de
1326 4050 1481 4119 Ournaza.

598 4157 639 4222 D.
664 4158 832 4223 lohannes
854 4156 1043 4222 Matiscrdo.

599 4265 641 4330 D.
665 4266 832 4331 1911911999
856 4265 895 4329 (19
919 4265 1030 4330 Aurea
1052 4265 1159 4331 Valle.

598 4372 641 4438 D.
665 4373 842 4455 Johanues,
867 4373 1039 4438 canonicus
1062 4373 1268 4458 Armentiue,
1292 4375 1457 4461 hispanus.

598 4479 640 4545 D.
664 4480 832 4546 Johanues
861 4480 901 4545 de
931 4479 1118 4564 Pontisera,
1143 4489 1248 4547 rector
1275 4483 1409 4549 ecclesie
1440 4485 1480 4550 de

704 4587 908 4654 Unellevive.

597 4695 639 4760 D.
655 4695 851 4760 Laurentius
867 4695 907 4761 de
922 4695 1028 4780 Fisco,
1045 4703 1151 4762 rector
1174 4697 1307 4764 ecclesie
1331 4699 1371 4763 de
1393 4699 1478 4766 Len·

703 4805 881 4869 lescheriis.

596 4911 637 4976 D.
662 4911 763 4976 Linus
787 4912 826 4978 de
850 4911 970 4976 111999.

595 5017 636 5084 D.
660 5019 876 5103 Lodomenns,
901 5018 1074 5084 canonicus
1098 5019 1320 5105 gerundensis.

594 5127 635 5193 D.
660 5126 882 5210 Lodomerius,
907 5127 1079 5193 canonicus
1104 5127 1325 5214 gerundensis.

593 5233 635 5299 D.
659 5234 824 5300 Marsilius
847 5234 887 5298 de
911 5233 1024 5298 Insula
1048 5233 1188 5300 Guascu.

592 5341 680 5428 Mag.
704 5342 864 5407 Martinus
889 5340 1014 5407 Garsie.

592 5449 634 5514 D.
658 5449 817 5514 Martinus
840 5449 1041 5532 Gondlsalvi,
1058 5449 1302 5514 archidiaconus
1320 5450 1476 5519 (191199-

698 5578 766 5621 ren.

590 5662 632 5728 D.
656 5663 815 5727 Martinus
839 5662 879 5727 de
904 5661 1056 5728 Oasseda.

589 5769 631 5835 D.
656 5770 814 5834 Martinus
838 5769 960 5834 domini
981 5769 1089 5854 Petri,
1114 5772 1286 5837 canonicus
1311 5773 1473 5838 salaman-

696 5878 793 5942 tinus.

587 5984 629 6050 D.
655 5985 813 6052 Martinus
837 5983 1409 6072 ΑΙ199911,99991119991999999919.

587 6092 802 6159 1111911999
826 6092 1019 6157 (1911111199
1043 6114 1116 6157 curn
1140 6093 1211 6157 aliis
1235 6094 1343 6179 gallis.

585 6200 674 6286 Mag.
699 6201 850 6267 Matheus
874 6200 913 6265 de
937 6199 1077 6264 Ermaca
1101 6201 1327 6268 ambianensis.

585 6307 627 6374 D.
652 6308 803 6374 11911999
827 6308 867 6372 (19
891 6307 1025 6391 Oalona,
1049 6308 1222 6373 canonicus
1246 6309 1469 6375 belluacensis.

648 6542 688 6604 (l)
706 6539 782 6593 Idsst
801 6541 833 6592 dc
851 6541 937 6594 Aisiu.

1309 665 1524 718 eunomus
1551 667 1753 720 munerans

1562 819 1651 908 Mag.
1675 823 1826 908 Mathias,
1851 825 2024 890 canonicus
2047 825 2278 910 sagabriensis.

1561 928 1603 994 D.
1620 930 1760 996 11119999
1780 933 1941 1019 quondam
1959 932 2135 1016 Guilielmi,
2152 933 2307 998 diaconus
2326 933 2445 999 medio-

1667 1038 1820 1104 lanensis.

1532 1126 1534 1132 ‚
1558 1143 1599 1208 D.
1624 1145 1807 1210 Munandus
1822 1146 1907 1211 lilius
1923 1147 2044 1212 domini
2059 1146 2223 1234 Raynaldi
2247 1146 2439 1234 Napulionis

1666 1251 1705 1316 de
1735 1253 1904 1339 Fulginio,
1936 1255 2023 1340 prior
2054 1263 2164 1320 sancte
2198 1253 2302 1320 119119
2337 1255 2443 1320 Finis·

1665 1367 1767 1446 porte.

1556 1464 1597 1530 D.
1622 1466 1737 1532 Nicola
1762 1468 1912 1555 Galeglc.

1555 1572 1597 1638 D.
1614 1573 1776 1640 Oradinus
1792 1577 1953 1663 quondam
1970 1577 2092 1643 domini
2107 1577 2244 1643 Orudini
2262 1579 2301 1643 de
2318 1579 2438 1649 Firmo.

1554 1678 1643 1768 Mag.
1668 1683 1816 1749 Ostasius
1839 1683 1879 1750 de
1902 1684 2017 1749 119119.

1553 1786 1595 1854 D.
1619 1789 1742 1854 Paulus
1765 1791 1849 1856 lilius
1873 1791 1993 1856 domiui
2024 1790 2162 1869 Nicolai,
2193 1792 2437 1860 archidiaconus

1664 1897 1848 1984 sinigsnsis.

1553 2001 1595 2068 D.
1618 2004 1810 2091 Pelegrinus
1832 2007 1971 2088 Aliensi,
1997 2005 2175 2071 canonicus
2198 2008 2389 2094 yspalensis.

1554 2109 1642 2196 Mag.
1665 2112 1783 2177 Petrus
1807 2113 1846 2178 de
1869 2113 2013 2198 Bajecis.

1553 2216 1595 2282 D.
1618 2219 1736 2283 Petrus
1759 2220 1933 2303 Arualdus,
1951 2220 2086 2284 clericus
2109 2220 2243 2284 illustris
2266 2222 2350 2306 regis
2376 2221 2437 2288 Oa·

1661 2327 1763 2392 stelle.

1551 2430 1593 2496 D.
1617 2432 1734 2498 Petrus
1757 2435 1923 2500 Lamberti
1946 2435 1985 2500 de
2010 2435 2307 2522 Montepessulano.

1551 2537 1592 2603 D.
1616 2541 1744 2625 Petrus,
1768 2544 1937 2630 episcopus
1962 2544 2160 2609 conchensis.

1551 2645 1592 2712 Ι).
1617 2648 1732 2714 Ρ91199
1756 2651 1920 2716 Fernandi
1943 2651 1982 2716 de
2007 2652 2167 2738 Viliegas.

1549 2752 1591 2818 D.
1615 2755 1731 2821 Petrus
1755 2757 1796 2822 de
1819 2759 2010 2823 Turnarnira
2034 2759 2073 2823 de
2096 2759 2390 2846 Montepessulano.

1550 2859 1592 2925 D.
1614 2861 1731 2928 Petrus
1753 2865 1927 2948 Eximiani,
1950 2866 2086 2931 sacrista
2110 2867 2260 2933 canonic.

1549 2967 1591 3033 D.
1614 2968 1731 3035 Petrus
1755 2972 1863 3037 Pontii
1886 2973 1925 3038 de
1951 2973 2066 3060 Urgio.

1548 3074 1590 3140 D.
1615 3076 1732 3142 Petrus
1764 3079 1804 3144 de
1834 3081 1976 3145 Ameriis
2003 3081 2087 3145 filius
2119 3081 2281 3166 quondam
2312 3081 2433 3148 domini

1657 3184 1818 3251 Gaufridi.

1547 3289 1589 3355 D.
1605 3291 1722 3358 Petrus
1739 3294 1778 3358 de
1795 3295 1880 3382 Apis
1896 3295 1980 3359 filius
2005 3295 2167 3382 quondam
2183 3296 2267 3361 dom.
2285 3296 2431 3365 Roberti.

1547 3396 1588 3462 D.
1612 3398 1729 3464 Petrus
1752 3401 1792 3466 de
1816 3402 2026 3487 Russigliaci.

1546 3504 1589 3570 D.
1612 3507 1729 3572 Petrus
1752 3509 1837 3574 filius
1860 3509 1981 3574 domini
2003 3510 2163 3575 Bernardi
2185 3511 2225 3576 de
2247 3511 2411 3578 Eximius.

1547 3612 1589 3679 D.
1613 3614 1729 3680 Petrus
1754 3615 1792 3680 de
1816 3616 1971 3682 Varexic.

1547 3721 1589 3786 D.
1612 3721 1729 3786 Petrus
1761 3745 1867 3788 comes
1898 3724 1938 3788 de
1965 3724 2106 3808 Vidatio,
2132 3732 2244 3790 999191
2278 3747 2427 3790 cenoma-

1654 3831 1772 3896 nensis.

1546 3934 1588 4000 D.
1611 3937 1739 4020 Petrus,
1762 3938 1897 4003 sacrista
1920 3941 2023 4004 sancti
2048 3939 2194 4005 Severini
2217 3941 2384 4027 Burdigel.

1545 4043 1587 4108 D.
1610 4045 1727 4110 Petrus
1751 4047 1791 4112 de
1813 4046 1996 4133 Malaspina
2019 4047 2051 4111 in
2072 4049 2145 4133 jure
2170 4049 2266 4114 civili.

1544 4150 1586 4216 D.
1610 4152 1726 4218 Petrus
1751 4155 1904 4238 Eximini‚
1925 4155 2061 4219 sacrista
2084 4155 2339 4241 burdegalensis.

1544 4257 1585 4324 D.
1610 4259 1727 4325 Petrus
1756 4262 1912 4346 Arnaldi,
1936 4262 2071 4327 clericus
2103 4263 2223 4328 domini
2256 4265 2341 4350 regis
2373 4287 2427 4330 99-

1650 4369 1734 4456 pelle
1748 4370 1786 4434 (2)
1802 4370 1885 4434 lilius
1903 4370 2030 4434 domins
2045 4369 2148 4435 119119
2168 4370 2208 4436 de
2233 4372 2380 4438 Girundi.

1542 4473 1584 4541 D.
1601 4476 1717 4541 Petrus
1734 4478 1896 4564 quondam
1912 4477 2010 4562 Petri,
2027 4479 2223 4544 camerarius
2243 4480 2425 4549 biterensis.

1541 4581 1629 4670 Mag.
1653 4585 1822 4671 Philippus
1848 4585 1955 4650 Suari.

1541 4689 1583 4754 D.
1605 4691 1746 4756 Poucins
1770 4692 1809 4756 (19
1831 4691 1987 4757 Β919919.

1541 4797 1583 4862 D.
1606 4799 1741 4864 Pontius
1765 4801 1805 4864 de
1827 4801 1941 4886 Urgie,
1966 4801 2148 4866 canonicus.

1540 4903 1582 4970 D.
1606 4906 1782 4993 Precepter
1806 4908 1979 4992 Meteusis,
2003 4909 2088 4972 filius
2112 4909 2273 4995 quondam
2298 4911 2423 4978 domini

1648 5014 1737 5078 Petri
1760 5016 1799 5080 de
1823 5016 1976 5100 Belvisio,
2000 5015 2135 5080 diocesis
2159 5019 2321 5083 metensis.

1541 5121 1629 5206 Mag.
1653 5121 1843 5209 Raynaldus
1867 5123 1906 5188 de
1929 5123 2133 5188 Verdeliaco.

1540 5229 1629 5316 Mag.
1651 5230 1864 5318 Raymundus
1887 5231 1926 5296 de
1950 5231 2087 5296 Polanc.

1539 5336 1580 5402 D.
1605 5338 1817 5424 Raymundus
1853 5339 1892 5403 de
1923 5339 2045 5424 Polay,
2077 5347 2183 5404 rector
2214 5342 2349 5406 ecclesie
2379 5344 2420 5410 de

1647 5445 1832 5512 Garnolcto.

1537 5552 1579 5618 D.
1603 5553 1815 5640 Raymundus
1839 5554 1879 5619 de
1901 5555 2008 5620 Rama
2030 5556 2234 5622 vastatensis.

1536 5659 1578 5726 D.
1603 5661 1815 5748 Raymundus
1839 5663 1922 5726 santi
1946 5663 2098 5728 Tolosan.

1536 5767 1577 5832 D.
1601 5769 1813 5855 Rayrnundus
1838 5769 1877 5834 (19
1902 5770 2124 5836 091991191119.

1536 5873 1623 5960 Mag.
1647 5875 1848 5961 Reginaldus
1877 5877 1917 5942 de
1948 5877 2098 5961 Businca,
2122 5880 2320 5944 carnotensis
2348 5882 2418 5948 dio·

1644 6005 1735 6048 99919.

1530 6089 1618 6175 Mag.
1642 6090 1843 6176 Reginaldus
1867 6093 1907 6157 de
1939 6093 2095 6178 Luxiaco,
2119 6098 2318 6162 carnotensis
2348 6099 2418 6165 dio·

1642 6199 1732 6282 cesis,
1749 6199 1833 6264 filius
1854 6202 2014 6287 quondam
2038 6202 2159 6267 domini
2175 6203 2341 6270 Guilielmi
2357 6209 2417 6272 mi·

1641 6307 1715 6370 litis.

1594 6544 1633 6608 (9)
1653 6541 1705 6593 su.
