5544 7750
653 605 727 675 288

990 783 1195 848 Novausaa.

712 888 879 953 Kalendis.
904 891 968 955 Hic
986 891 1104 977 incepit
1120 890 1236 954 annale
1259 889 1448 975 obsequium
1472 911 1530 976 pro

649 996 757 1060 anima
780 997 947 1062 Matillidis
971 999 1081 1062 matris
1107 997 1242 1064 Scffrcdi
1268 997 1398 1082 anglici.

710 1103 806 1168 VIII.
832 1105 913 1169 idus.
949 1106 1039 1190 Ohjit
1075 1106 1224 1170 dominus
1254 1104 1455 1170 Raimundus
1489 1103 1529 1168 de

648 1211 819 1296 Avinione,
844 1214 1067 1300 provincialis,
1092 1223 1206 1279 octavo
1230 1214 1281 1277 die
1306 1215 1446 1277 intrante
1473 1233 1526 1276 uo-

648 1321 781 1404 vembri,
807 1322 846 1386 de
871 1345 934 1408 quo
957 1323 1128 1386 habuimus
1151 1322 1226 1386 XX.
1251 1321 1357 1386 soldos
1381 1321 1455 1386 bon.

709 1428 786 1493 VII.
812 1429 893 1494 idus.
921 1431 1016 1494 Anno
1048 1431 1179 1494 Domini
1209 1429 1402 1494 hICOLXX.
1437 1427 1529 1512 Objit

647 1535 795 1614 dominus
827 1537 993 1602 Galvauus
1021 1539 1060 1603 de
1084 1539 1323 1624 Allegralcorc,
1348 1537 1459 1602 doctor
1482 1536 1527 1600 le-

646 1665 733 1728 gum,
745 1645 857 1728 judcx,
871 1654 980 1710 noster
993 1647 1113 1710 anricus
1127 1647 1307 1710 octimuslll
1321 1651 1352 1708 et
1365 1645 1526 1730 perfectus

647 1759 754 1814 nostre
779 1751 909 1834 domus,
934 1753 973 1816 de
997 1775 1060 1838 quo
1082 1753 1254 1818 habuimus
1285 1773 1385 1817 unum
1408 1751 1527 1816 bonum

646 1863 678 1921 et
703 1858 854 1923 octimum
877 1860 1115 1924 baldachinum.
1140 1860 1277 1925 Oremus
1302 1882 1359 1946 pro
1383 1881 1432 1923 eo.

709 1965 800 2050 Objit
824 1966 999 2049 Gerardus,
1020 1969 1225 2033 bononiensis
1248 1968 1426 2053 episcopus.

708 2073 770 2138 III.
789 2073 869 2138 idus.
888 2075 978 2159 Objit
1001 2075 1196 2140 Gualfredus
1220 2077 1380 2161 aquensis,
1406 2074 1444 2138 de
1463 2095 1525 2159 qno

645 2181 816 2245 habuimus
839 2182 914 2246 XX.
932 2183 1038 2246 soldos
1062 2183 1315 2264 bonoueuormn,
1332 2184 1469 2247 cultram
1494 2189 1526 2246 et

645 2287 690 2352 II.
715 2289 913 2354 linteamina.

705 2397 816 2461 XVII.
840 2398 1006 2462 kalendas.
1025 2397 1116 2482 Objit
1138 2400 1292 2483 magister
1317 2397 1523 2462 quilielmus

644 2505 683 2571 dc
702 2513 813 2569 sancto
828 2504 1000 2588 Gerrnauo,
1018 2507 1204 2592 capellanus
1221 2506 1341 2570 domini
1358 2528 1451 2592 pape,
1470 2507 1523 2591 qui

644 2613 732 2678 dedit
754 2614 888 2678 ecclesie
905 2615 1007 2678 sancti
1026 2615 1203 2678 Salvatoris
1220 2635 1318 2678 urium
1335 2614 1473 2694 missale,
1492 2615 1524 2677 in

644 2743 706 2806 quo
724 2721 819 2784 solvit
835 2721 926 2785 XIV.
941 2721 1040 2784 libras
1057 2729 1088 2786 et
1105 2721 1280 2803 dimidiam,
1294 2730 1326 2785 et
1342 2743 1400 2807 pro
1417 2722 1525 2784 anima

643 2850 702 2892 sua
718 2828 855 2914 reliquid
873 2828 964 2892 nohis
980 2829 1022 2892 X.
1039 2829 1138 2892 libras
1156 2829 1230 2893 buri.
1248 2829 1346 2894 Orate
1364 2851 1421 2914 pro
1439 2849 1488 2892 eo.

705 2937 797 3001 XVI.
816 2938 981 3001 kalendas.
1000 2938 1090 3022 Objit
1107 2939 1260 3023 rrragister
1278 2938 1408 3002 Samuel
1424 2939 1524 3002 freter

644 3044 811 3126 noster,de
829 3067 891 3131 quo
908 3045 1078 3108 habuimus
1095 3045 1137 3108 X.
1155 3046 1253 3108 libras
1270 3046 1522 3128 bononenorum,

643 3160 675 3216 et
698 3151 738 3216 V.
764 3153 863 3216 libras
887 3153 1011 3239 capella
1036 3153 1139 3216 sancti
1163 3153 1296 3217 Thome.

704 3258 781 3323 VII.
794 3258 962 3324 kalendas.
978 3259 1051 3324 Hoc
1068 3260 1180 3324 eodem
1196 3260 1247 3324 dic
1264 3261 1421 3324 concessit
1436 3261 1523 3346 prior

643 3373 674 3429 et
698 3375 874 3431 conventus
899 3367 982 3452 quod
1004 3367 1139 3452 siugulis
1156 3367 1249 3432 aunis
1265 3367 1447 3432 dicerentur·
1463 3367 1521 3432 IV.

642 3475 737 3539 misse
762 3497 819 3561 pro
843 3475 1020 3558 defunctis,
1045 3476 1106 3540 due
1140 3475 1224 3562 apud
1253 3476 1381 3540 Renum
1405 3484 1438 3540 ct
1460 3475 1522 3540 duc

641 3583 727 3669 apud
751 3591 897 3648 sanctum
922 3583 1125 3648 Salvatorem
1149 3583 1188 3648 de
1211 3583 1359 3672 Bononia
1379 3606 1437 3670 pro
1454 3585 1522 3648 ani·

641 3691 754 3755 mabus
778 3691 936 3756 Willelmi
960 3692 999 3756 de
1023 3691 1197 3774 Woudam,
1215 3700 1246 3756 ct
1263 3693 1315 3756 avi
1332 3693 1468 3756 materni
1490 3701 1522 3756 et

640 3799 712 3864 avie
735 3807 879 3863 materne
903 3808 936 3864 et
967 3801 1103 3864 aliorum
1132 3807 1370 3864 antecessorum
1402 3800 1547 3890 domini,

639 3907 799 3972 Willclmi
823 3907 862 3972 de
887 3955 1026 3973 .....
1040 3908 1080 3972 (2)

703 4015 743 4079 V.
760 4015 927 4080 kalendas.
953 4015 1043 4100 Objit
1065 4015 1201 4080 Pontius
1225 4015 1264 4080 de
1281 4016 1406 4098 Cautio,
1431 4016 1520 4080 bevi-

639 4124 785 4188 terrentii
801 4123 1030 4210 episcopatu[s]
1040 4123 1089 4206 (3),
1107 4123 1146 4188 de
1163 4145 1226 4209 quo
1241 4124 1417 4188 habuimus
1429 4123 1469 4188 V.
1483 4125 1520 4188 li-

639 4230 714 4295 bras
737 4230 991 4296 bononenorum.

700 4338 745 4402 II.
766 4338 959 4423 [kalendasl.
977 4341 1072 4404 Anno
1095 4340 1227 4405 Domini
1249 4339 1398 4405 MOCXI.
1425 4339 1516 4424 Objit

638 4447 792 4532 magister
805 4445 1018 4531 Raigertuse)
1031 4447 1203 4512 canonicus
1216 4447 1349 4512 slllarie
1363 4446 1402 4511 de
1415 4447 1517 4512 Reno.

979 4591 1182 4656 Dncnmsss.

699 4717 745 4783 II.
766 4739 867 4781 nonas
880 4717 929 4782 (5).
952 4717 1042 4802 Objit
1058 4717 1205 4781 dominus
1220 4716 1398 4800 Baudinus,
1416 4720 1518 4804 magi·
1550 4721 1552 4724 ’

636 4832 702 4890 ster
725 4827 844 4910 legum,
869 4847 953 4889 anno
977 4825 1109 4890 Domini
1131 4824 1368 4916 MOOXVIII.;
1389 4826 1428 4890 de
1454 4848 1516 4912 quo

635 4934 806 4999 habuimus
830 4934 893 4998 III.
919 4934 1018 4998 libras
1040 4934 1295 4999 bononenornm.

733 5077 873 5129 Bandiuus
893 5077 997 5129 Tuscus
1016 5077 1120 5145 Legum
1139 5077 1284 5146 splendore
1304 5093 1443 5142 coruscus,

734 5169 766 5219 Iu
784 5167 848 5219 Pisa
866 5171 956 5231 uatus,
972 5167 1049 5234 jacet
1068 5166 1119 5218 hoc
1138 5167 1243 5218 tumulo
1264 5167 1422 5218 tumulatus.

696 5296 746 5360 Id.
762 5295 926 5379 Rugerius
938 5294 1140 5380 provintialis
1156 5293 1303 5358 achcnsis
1320 5294 1407 5359 dedit
1423 5296 1515 5360 nobis

633 5404 705 5469 LX.
730 5403 849 5469 solidos
884 5402 1118 5466 bononiuorum
1149 5423 1207 5487 pro
1232 5401 1375 5465 fatienda
1403 5403 1515 5467 tabula

633 5513 728 5578 beate
754 5511 868 5594 Mario,
893 5532 989 5596 quem
1016 5509 1149 5574 fecimus
1176 5510 1366 5596 participem
1394 5519 1516 5574 nostra-

633 5643 705 5686 rum
728 5621 909 5684 orationum
933 5625 965 5682 et
989 5617 1130 5680 omnium
1161 5617 1317 5682 bonorum
1350 5640 1411 5704 que
1435 5619 1515 5682 fiunt

633 5727 718 5816 apud
742 5749 811 5792 nos.

692 5981 731 6046 (1)
750 5979 803 6031 Sic.

692 6073 730 6134 (2)
750 6071 782 6121 In
804 6070 951 6138 necrologii
971 6067 1143 6136 apographo:
1164 6064 1259 6118 attari.

693 6162 732 6226 (3)
751 6161 825 6229 Lege
845 6161 936 6212 forsan
956 6158 1113 6210 Butes-cuais.

693 6253 732 6317 (4)
751 6251 897 6302 Fortasse:
916 6250 1055 6315 Nicasius.

693 6343 732 6408 (5)
752 6340 822 6392 Vide
842 6340 892 6392 sub
912 6341 954 6391 dic
974 6339 1014 6391 II.
1034 6356 1087 6391 non
1108 6339 1177 6390 febr.

691 6433 729 6497 (6)
749 6431 817 6483 Vel:
837 6431 869 6481 de
889 6430 1015 6482 Lirealro.

692 6524 730 6586 (7)
741 6520 817 6572 Inter
826 6521 898 6572 Acta
909 6519 1107 6572 Canonicorum
1121 6519 1209 6572 sancti
1220 6519 1353 6570 Johaunis
1368 6520 1393 6570 in
1408 6519 1510 6586 Monte,

1403 628 1724 680 monumentorum

1659 782 1718 846 XI.
1744 784 1910 849 kalendas.
1944 785 2035 870 Objit
2065 785 2226 850 Robcrtus
2262 785 2301 848 dc
2333 785 2470 849 Cicestro

1595 893 1799 978 episcopatus
1824 893 1940 958 Sancte
1966 894 2133 958 Trinitatis
2146 893 2195 959 (6).

1656 999 1698 1064 X.
1723 1000 1890 1065 kalendas.
1915 1002 2006 1085 Objit
2030 1003 2185 1087 magister
2207 1002 2356 1080 Ballitus,
2377 1021 2468 1064 cano·

1593 1106 1683 1171 nicus
1708 1118 1818 1172 sancte
1843 1108 1945 1173 Maris
1969 1110 2009 1172 dc
2033 1109 2136 1173 Reno.

1654 1214 1700 1278 II.
1718 1215 1884 1280 kalendas.
1903 1216 1993 1300 Objit
2011 1217 2141 1302 quidam
2156 1216 2322 1281 Iohannes
2344 1215 2469 1278 nomine

1592 1321 1632 1384 de
1657 1321 1825 1405 Glemona,
1851 1324 2006 1387 scholaris
2031 1323 2248 1410 aquilejensis,
2265 1323 2304 1388 de
2328 1344 2391 1407 quo
2415 1322 2468 1384 ha·

1592 1428 1719 1492 buimus
1754 1451 1851 1493 unum
1883 1431 2016 1495 calicem
2041 1440 2230 1516 argenteum
2254 1439 2284 1494 et
2309 1430 2469 1516 planetam

1592 1557 1663 1600 curu
1687 1545 1754 1600 toto
1777 1547 1978 1623 paramenta,
2003 1561 2061 1624 pro
2086 1560 2149 1624 quo
2173 1547 2319 1602 tenemur
2343 1558 2445 1600 orare.

1654 1643 1744 1728 Obijt
1768 1644 1914 1709 dominus
1938 1645 2098 1710 Reclulfus
2122 1646 2342 1710 antiochenus.

2002 1859 2063 1924 XI.

1653 2072 1705 2135 Ea
1722 2071 1896 2160 Necrolopio
1912 2075 2137 2140 Canonicorum
2156 2078 2252 2140 sancti
2268 2075 2422 2139 Jolmunis
2438 2079 2470 2138 ia

1591 2179 1695 2244 Monte
1718 2191 1743 2245 cl
1766 2186 1864 2246 arinca
1891 2183 2030 2267 Victoris,
2054 2187 2116 2248 iana
2140 2186 2172 2247 in
2196 2185 2328 2248 Arelica
2351 2205 2469 2248 eorum·

1590 2289 1657 2352 dein
1684 2289 1906 2354 Calciamentum
1921 2293 1970 2356 (7).

1926 2506 2123 2571 Jaueaarus

1650 2612 1771 2676 Idibus.
1798 2612 1886 2677 Obiit
1919 2613 2065 2677 dominus
2091 2613 2258 2682 Johannes
2290 2615 2468 2701 Episcopus

1587 2719 1793 2784 bononiensis
1818 2721 2085 2785 thLXXXVII.

1649 2827 1710 2891 XI.
1735 2827 1892 2891 kalendas
1916 2829 2080 2892 februarii.
2099 2828 2188 2893 Obiit
2204 2828 2351 2894 domiuus
2370 2830 2470 2896 frater

1589 2933 1780 2998 Guiliclmus
1805 2935 1881 2998 olim
1905 2935 2025 2998 (lonriui
2052 2934 2262 3016 Lambertini,
2284 2937 2470 3002 benefactor

1588 3050 1619 3104 et
1636 3041 1757 3104 arnicus
1775 3049 1892 3124 noster,
1911 3057 1995 3106 arina
2015 3042 2144 3106 Domini
2162 3043 2401 3126 MOCOXXV.,
2420 3045 2469 3110 die
2495 3115 2498 3122 .

1586 3147 1711 3212 XXIV.
1726 3149 1879 3232 januarii,
1897 3157 1928 3213 et
1952 3151 2098 3235 sepultus
2122 3157 2170 3213 est
2191 3151 2222 3212 in
2243 3151 2304 3214 ista
2321 3153 2468 3215 ecelesia.

1650 3255 1707 3319 IV.
1722 3255 1888 3321 kalendas.
1903 3257 1991 3322 Obiit
2009 3258 2039 3321 d.
2054 3258 2217 3322 Gerardus
2235 3259 2397 3343 quondam
2416 3261 2469 3324 ho·

1586 3365 1749 3428 nonieusis
1773 3366 1952 3451 episeopus,
1974 3368 2146 3430 canonicus
2170 3375 2203 3432 et
2227 3367 2326 3430 frater
2351 3376 2469 3432 noster.

1912 3472 2144 3538 Festinamus

1649 3579 1770 3644 Idibus.
1801 3580 1890 3645 Obiit
1914 3579 2092 3644 Walterius
2124 3582 2382 3668 archiepiscopus
2419 3604 2469 3647 ra-

1585 3707 1722 3768 vennas,
1740 3687 1827 3750 vivat
1844 3689 1876 3751 in
1893 3687 2020 3751 Christo
2037 3709 2165 3772 gemma
2181 3689 2394 3770 sacerdotum,
2410 3712 2468 3775 pro

1586 3815 1649 3879 quo
1666 3793 1724 3857 IX.
1742 3794 1800 3857 lec.
1818 3795 1963 3876 facimus,
1982 3795 2036 3880 qui
2053 3796 2153 3859 multa
2170 3797 2254 3862 baua
2271 3797 2346 3860 fecit
2363 3797 2468 3862 nobis.

1647 3900 1720 3964 XV.
1739 3901 1895 3966 kalendas
1910 3902 2026 3965 nrartii.
2045 3901 2134 3968 Obiit
2154 3905 2307 3988 magister
2324 3904 2468 3968 Iacobus

1585 4007 1624 4071 de
1649 4007 1839 4072 Christianis
1864 4009 2004 4073 medicus
2030 4017 2138 4074 noster
2157 4010 2405 4075 MOCOXXIX.

1647 4113 1705 4179 VI.
1722 4116 1889 4179 kalendas.
1910 4116 1999 4183 Obiit
2022 4116 2218 4202 Peregrinus
2243 4119 2331 4182 Petri
2354 4119 2468 4184 Hone-

1584 4223 1634 4304 sti,
1655 4223 1695 4286 de
1719 4245 1781 4308 quo
1811 4222 1981 4288 habuimus
2006 4225 2107 4288 multa
2130 4225 2233 4308 bona,
2251 4233 2385 4310 patruus
2412 4227 2468 4290 do·

1583 4330 1661 4394 mini
1684 4331 1850 4394 Altachini
1874 4332 1999 4416 prioris,
2017 4332 2138 4396 scilicet
2160 4354 2258 4397 uuam
2283 4332 2414 4398 domurn
2437 4342 2469 4398 et

1581 4437 1739 4502 XXXVI.
1764 4438 1914 4524 pecudes,
1932 4447 1963 4503 et
1987 4448 2052 4503 tres
2071 4439 2217 4505 cietoslssl
2232 4449 2416 4524 argenteos,
2435 4450 2467 4506 et

1582 4566 1682 4608 unum
1706 4546 1933 4610 baldachinum
1957 4569 2041 4611 aurio
2067 4547 2160 4611 Dom.
2185 4547 2466 4613 MOCLXXXVI.
2563 4530 2566 4536 ¹

1944 4654 2112 4720 Meamne.

1644 4761 1707 4824 III.
1726 4782 1836 4825 nonas.
1861 4761 2030 4826 Dedicatio
2055 4763 2188 4828 ecclesie
2205 4766 2307 4829 sancti
2323 4765 2469 4830 Victoris

1582 4868 1614 4930 iu
1632 4867 1785 4931 honorem
1806 4877 1914 4933 sancte
1928 4869 2030 4934 Maris
2043 4869 2245 4954 virginiae).
2260 4872 2468 4937 Venerabilis

1582 4976 1816 5040 concanonicus
1840 4986 1948 5041 noster
1971 4977 2009 5040 P.
2027 4976 2067 5040 D.
2086 4977 2227 5042 Thomas
2251 4980 2289 5042 de
2312 4979 2468 5044 Scnrduis

1581 5082 1787 5148 bononiensis
1811 5084 1908 5169 hujus
1932 5086 2119 5149 monasterii
2143 5087 2316 5171 professus.
2334 5087 2401 5151 Hic
2419 5088 2468 5151 vir

1582 5190 1768 5254 admirande
1792 5191 1971 5254 sanctitatis
1993 5189 2063 5266 fuit,
2081 5194 2214 5257 caritate
2236 5194 2391 5278 fulgidus,
2411 5216 2468 5258 no-

1581 5304 1719 5362 strorum
1736 5319 1859 5362 morum
1881 5298 2193 5382 observantissimus,
2211 5301 2345 5364 invicta
2364 5308 2465 5386 atque

1580 5405 1698 5468 vestitu
1715 5403 1968 5488 abjectissimus‘3
1988 5406 2153 5491 completis
2170 5407 2264 5471 etatis
2288 5429 2344 5471 sue
2370 5408 2467 5471 annis

1578 5510 1802 5576 LXXXVIII.
1821 5521 1853 5576 ct
1877 5513 1908 5575 iu
1930 5513 2085 5598 religione
2102 5513 2259 5594 LXVII,
2278 5515 2402 5599 absque
2420 5515 2469 5579 fe-

1579 5619 1689 5684 bribus
1714 5628 1745 5684 et
1769 5621 1997 5702 anxietatibus,
2015 5621 2071 5685 sed
2088 5622 2180 5706 quasi
2197 5622 2357 5686 dormiens
2385 5623 2468 5705 [Do-

1579 5728 1678 5812 mino]
1691 5728 1827 5792 feliciter
1839 5728 1971 5792 tradidit
1984 5729 2124 5792 animam
2136 5729 2244 5794 MDV.
2258 5731 2338 5794 hora
2351 5731 2467 5796 XVII.

1578 5995 1648 6047 quae
1668 5980 1803 6030 extantia
1823 5980 1942 6031 Archino
1959 5979 2077 6031 Maximo
2092 5981 2260 6047 bononiensi,
2274 5982 2469 6048 Nece-eloysam

1577 6069 1627 6120 hoo
1648 6069 1825 6133 desideratur,
1846 6087 1895 6121 nec
1916 6070 1944 6120 iu
1963 6069 2051 6138 Regia
2070 6071 2242 6123 Bibliotheca
2264 6077 2357 6124 nostra
2382 6075 2469 6126 docu-

1577 6162 1699 6212 mentum
1720 6162 1883 6210 asservatur.

1639 6249 1705 6300 Erat
1723 6250 1750 6300 in
1771 6249 1929 6300 membrana
1947 6253 1973 6301 et
1991 6250 2075 6302 nitide
2095 6251 2234 6318 scriptum,
2255 6253 2302 6304 sed
2322 6253 2420 6305 multis
2439 6253 2468 6305 in

1576 6340 1643 6391 locis
1663 6340 1866 6407 interpolatum.

1639 6431 1678 6495 (8)
1697 6429 1785 6498 Lege:
1806 6429 1922 6494 cyathos.

1640 6523 1679 6586 (9)
1700 6520 1762 6571 Atio
1782 6520 1950 6572 caracthsre.
