5544 7750
642 635 717 706 290

638 810 736 873 bliam
761 810 993 895 magnitudinis
1009 811 1104 875 unius
1120 812 1220 898 palmi
1245 859 1520 877 .........

638 917 905 982 MOOOOXLIX.

699 1025 778 1089 XII.
800 1025 889 1090 Obiit
913 1027 1067 1110 magister
1091 1025 1253 1090 Robertus
1277 1025 1377 1089 frater
1402 1033 1520 1090 noster.

699 1132 759 1196 XI.
789 1132 878 1197 Obiit
909 1133 1064 1217 magister
1095 1132 1194 1214 Tura,
1225 1133 1397 1196 canonicus
1421 1133 1521 1197 irater

637 1247 765 1320 noster,
789 1239 992 1304 decretorum
1023 1240 1135 1304 doctor
1166 1247 1198 1304 et
1229 1239 1368 1303 vicarius
1400 1239 1522 1304 domiui

636 1349 779 1434 episcopi
803 1347 977 1412 imolensis.

698 1455 740 1518 X.
759 1455 848 1520 Obiit
864 1455 1090 1519 Marchisellus
1107 1455 1147 1518 de
1163 1455 1379 1541 Principibus,
1398 1455 1519 1520 amicus

637 1571 755 1644 noster,
780 1585 837 1648 pro
862 1563 954 1646 cujus
979 1562 1087 1625 anima
1110 1563 1276 1648 planetam
1300 1563 1457 1627 habemus
1480 1563 1520 1626 de

635 1670 761 1752 samito,
783 1680 815 1734 et
839 1670 963 1755 lampas
988 1669 1080 1733 ardet
1111 1677 1185 1734 ante
1210 1671 1312 1734 altare
1336 1670 1440 1734 sancti
1462 1669 1519 1734 Vi·

634 1779 742 1860 ctoris,
759 1785 791 1840 et
814 1798 872 1863 pro
897 1797 959 1862 quo
983 1776 1043 1840 IX.
1060 1777 1201 1840 lecturas
1218 1777 1363 1842 facimus.
1382 1777 1519 1843 Oramus

635 1907 692 1971 pro
717 1905 765 1950 eo.

696 1993 756 2056 IX.
782 1991 873 2076 Objit
900 1992 1094 2056 venerabilis
1126 1999 1219 2078 pater
1243 1998 1276 2056 et
1298 1993 1387 2078 prior
1410 2000 1519 2057 noster

636 2100 797 2164 Rodulfus
822 2099 861 2164 de
885 2099 1106 2182 Lamandinis,
1124 2100 1326 2164 decretorum
1350 2100 1462 2164 doctor
1485 2121 1518 2164 e-

633 2209 775 2294 gregius,
793 2209 885 2291 cujus
902 2208 1056 2272 memoria
1081 2207 1114 2270 in
1138 2207 1361 2271 benedictione
1393 2207 1443 2290 sit,
1462 2229 1518 2270 an·

634 2337 674 2380 no
701 2317 831 2380 Domini
854 2315 1076 2396 MODXVII.;
1094 2323 1125 2378 et
1142 2317 1174 2379 in
1197 2316 1345 2380 Priorem
1369 2315 1429 2378 luit
1453 2316 1517 2380 ele·

634 2432 703 2488 etus
735 2423 883 2487 dominus
918 2422 1167 2486 Bartlrolomeus
1203 2428 1352 2508 presente
1387 2422 1517 2487 domino

634 2531 770 2596 Nicolao
795 2531 945 2617 episcopo
969 2530 1169 2594 bononiensi.

977 2637 1173 2702 Aucusres.

695 2748 734 2810 (1)
752 2745 814 2810 III.
847 2767 948 2808 nonas
988 2745 1117 2830 augusti
1156 2744 1389 2809 IIODXLVII.
1428 2745 1517 2810 Obiit

633 2853 829 2918 sonorabilis
868 2851 1018 2916 sacerdos
1057 2859 1089 2916 et
1128 2851 1263 2916 devotus
1302 2875 1414 2916 servus
1453 2853 1516 2918 Dei

633 2961 781 3025 dominus
805 2959 934 3023 Tadeus
957 2960 1130 3023 canonicus
1155 2967 1273 3042 noster,
1298 2982 1398 3024 senex
1422 2961 1515 3024 aunis

631 3067 804 3132 LXXVII.
831 3067 984 3152 Sepultus
1008 3073 1082 3130 ante
1107 3066 1209 3130 altare
1233 3069 1348 3152 majus.

693 3175 769 3239 VII.
795 3175 877 3238 idus.
902 3173 990 3238 Obiit
1013 3174 1130 3238 Petrus
1153 3174 1331 3256 Jolrannes,
1356 3176 1515 3239 archidia-

633 3305 732 3348 conus
749 3281 968 3346 ambulneusis
985 3289 1017 3344 et
1033 3281 1206 3345 canonicus
1222 3283 1427 3366 IegIouensis,
1442 3305 1515 3369 prc-

637 3391 741 3455 fessus
758 3389 858 3454 frater
879 3395 1005 3472 noster3
1022 3389 1111 3452 vivat
1135 3389 1167 3452 ln
1192 3389 1337 3453 Christo:
1363 3391 1418 3475 qui
1442 3391 1515 3454 reli·

630 3500 699 3584 quit
735 3499 827 3562 nobIs
856 3497 891 3560 O.
916 3496 1150 3578 marabotinos,
1175 3503 1207 3559 et
1230 3497 1359 3560 decreta
1390 3519 1449 3561 sua
1484 3504 1516 3562 et

631 3627 791 3670 summam
814 3604 961 3670 Joannis.

693 3712 782 3777 Obiit
811 3733 863 3775 ser
893 3711 1045 3776 Julianus
1062 3711 1101 3776 (2)
1118 3711 1313 3775 venerabilis
1344 3734 1444 3776 senex
1483 3720 1516 3778 et

629 3820 842 3885 cancellarius
867 3819 1020 3883 Comunis
1042 3819 1189 3882 Bononio
1214 3819 1269 3904 qui
1292 3818 1360 3883 dies
1384 3841 1459 3884 suos
1484 3827 1516 3886 et

629 3929 728 3993 vitam
745 3927 849 3991 linivit
865 3927 917 3991 hic
932 3927 1107 4009 nobiscum,
1122 3934 1153 3990 et
1167 3926 1268 3989 multa
1284 3925 1369 3990 bona
1386 3928 1516 4014 reliquIt

629 4037 824 4100 monasterio
850 4042 974 4118 nostro,
1000 4041 1032 4098 ct
1054 4035 1199 4120 sepultus
1230 4041 1279 4097 est
1315 4034 1347 4098 in
1380 4056 1515 4100 comune

628 4144 796 4230 sepultura
819 4142 956 4206 fratrum
988 4149 1170 4206 nostrorum
1194 4141 1226 4205 in
1251 4141 1355 4206 medic
1379 4142 1514 4206 ecclesie

629 4249 852 4314 MODXXIX.

689 4358 748 4422 VI.
773 4357 870 4422 Anno
895 4355 1027 4420 Domini
1050 4356 1215 4421 MOXLV.
1242 4356 1399 4421 Girardus
1428 4357 1512 4422 bone

626 4465 779 4530 memorie
803 4464 1010 4530 bonomensis
1035 4465 1203 4550 episcopus
1225 4472 1256 4528 et
1273 4465 1373 4529 frater
1392 4473 1512 4548 noster,

626 4573 779 4659 migravit
802 4572 843 4636 ad
874 4571 1060 4636 Dominum.
1087 4571 1222 4636 Gemma
1246 4573 1450 4636 sacerdotum
1480 4581 1513 4640 et

626 4683 723 4746 decus
744 4680 890 4745 EcclesIe
913 4679 1012 4760 vivat,
1030 4684 1062 4742 et
1083 4700 1101 4742 o
1118 4679 1256 4743 vinetia
1274 4680 1402 4744 Ohristo
1421 4703 1512 4744 num·

625 4811 723 4875 quam
747 4787 932 4852 moriturus.
954 4785 1008 4850 Ad
1031 4794 1150 4849 sortem
1174 4789 1291 4851 summi
1315 4788 1428 4874 eapitis
1453 4791 1511 4854 flos

625 4897 693 4983 ipse
718 4896 855 4959 iuturus.

688 5004 748 5068 IV.
765 5001 971 5067 Venerabilis
987 5010 1080 5089 pater
1096 5009 1128 5067 et
1144 5003 1378 5068 concanonicus
1403 5012 1512 5070 noster

625 5111 774 5174 dominus
798 5110 936 5173 Blaxius
958 5111 1147 5174 vicentinus.
1176 5109 1240 5174 Hie
1256 5110 1352 5174 homo
1369 5110 1430 5174 fult
1445 5133 1512 5176 ma·

624 5241 687 5304 gne
712 5217 903 5298 sanctitatis,
920 5239 1017 5303 preco
1035 5217 1195 5280 maximus
1220 5222 1252 5280 et
1276 5218 1429 5281 memorie
1454 5219 1512 5282 mi·

625 5325 747 5389 rabilis.
774 5325 864 5390 Obiit
880 5323 1023 5389 Novaria
1040 5345 1124 5389 anne
1141 5323 1273 5388 Domini
1287 5324 1462 5408 McDIX,
1480 5333 1512 5390 et

626 5433 658 5496 iu
682 5442 785 5498 morte
810 5433 927 5496 claruit
950 5433 1124 5496 miraculis.

688 5541 811 5604 Idibus.
829 5539 1076 5605 MOOOXVIII.
1101 5540 1191 5605 Obiit
1207 5540 1403 5604 reverendus
1419 5547 1512 5625 pater

626 5648 774 5712 dominus
791 5647 892 5712 frater
908 5649 929 5712 J
932 5649 1076 5712 ohannes
1093 5648 1132 5712 de
1149 5647 1332 5712 Becadellis
1349 5648 1511 5733 quondam

624 5755 726 5819 frater
744 5761 863 5838 noster,
881 5755 968 5840 prior
986 5755 1181 5819 venerabilis
1197 5755 1301 5820 sancti
1322 5755 1455 5841 Georgii
1471 5755 1510 5819 de

623 5863 800 5945 Ferarola,
825 5863 921 5926 homo
952 5884 1069 5948 magne
1101 5863 1289 5948 probitatis,
1313 5861 1509 5945 honestatis,

625 5971 758 6036 scientie
783 5978 815 6034 et
838 5971 977 6052 virtutis,
995 5979 1027 6035 et
1046 5971 1165 6034 multas
1188 5969 1301 6034 laudes
1317 5977 1426 6034 nostro
1442 5991 1509 6034 mo-

623 6079 765 6143 nasterIo
783 6127 920 6143 ......
946 6099 1003 6142 suo
1021 6084 1165 6163 tempore
1190 6077 1360 6162 aquisivit3
1382 6098 1508 6140 oremus

622 6208 681 6273 pro
706 6208 755 6252 eo.

684 6453 723 6519 (1)
743 6451 900 6504 Recentlori
921 6466 1013 6502 manu.

685 6544 724 6609 (2)
744 6541 872 6593 Julianus
892 6541 925 6593 de
944 6539 1097 6592 Zunarinls.

1395 656 1720 708 MONUIIIENTORUM

1921 809 2140 876 Sarranates.

1648 916 1815 981 Kalendis.
1841 917 1930 982 Obiit
1954 918 2102 982 dominus
2122 918 2269 984 Ventura
2292 920 2332 984 de
2355 921 2464 1006 Imola,

1586 1025 1770 1106 canonicus,
1799 1024 1900 1088 frater
1924 1033 2032 1088 noster
2055 1025 2286 1109 Mccxotx,
2302 1027 2396 1093 XXI.
2418 1029 2465 1094 die

1585 1132 1703 1196 mensis
1728 1133 1867 1216 augusti.
1891 1131 1935 1196 Et
1958 1131 2070 1197 eodem
2094 1155 2178 1198 anno
2200 1141 2232 1198 et
2247 1141 2392 1222 tempore
2409 1137 2465 1202 luit

1586 1239 1731 1304 Societas
1755 1241 1903 1304 alborum
1927 1241 1960 1303 ln
1983 1248 2052 1304 tota
2075 1241 2197 1306 Ytalia.

1647 1348 1903 1413 MOOOLXVII.
1928 1348 2018 1413 Obiit
2040 1351 2093 1436 ple
2121 1372 2159 1414 ao
2183 1359 2293 1416 sancte
2318 1354 2462 1421 recorda-

1585 1455 1680 1518 tionis
1704 1457 1860 1537 Antiates,
1885 1462 1979 1542 pater
2002 1457 2034 1520 in
2060 1458 2188 1523 Christo
2218 1466 2250 1522 et
2273 1459 2403 1525 domino
2426 1461 2463 1526 D.

1583 1561 1720 1648 Egidius
1744 1563 1843 1648 digna
1867 1563 1929 1628 Dei
1954 1565 2060 1648 gratia
2084 1565 2271 1629 Sabinensis
2299 1567 2464 1653 episcopus

1584 1669 1765 1735 Oardiualia
1789 1691 1826 1734 ao
1842 1671 1990 1735 dominus
2006 1679 2038 1736 et
2054 1672 2142 1757 prior
2163 1675 2348 1738 monasterii
2365 1677 2465 1740 sancti

1583 1776 1720 1842 Joannis
1744 1784 1776 1841 et
1800 1779 1902 1842 sancti
1931 1778 2085 1861 Victoris,
2102 1801 2160 1864 pro
2181 1802 2244 1865 quo
2268 1781 2384 1866 viginti
2407 1781 2464 1846 IX.

1582 1883 1736 1949 lectiones
1754 1907 1826 1948 cum
1842 1886 1940 1949 missa
1957 1886 2165 1972 solempniter
2181 1887 2392 1952 celebramus.
2409 1889 2463 1953 Vi-

1582 2000 1638 2057 vat
1662 1993 1694 2056 in
1720 1993 1848 2057 Ohristo
1872 2015 2000 2078 gemma
2023 1994 2284 2060 sacerdotumlssl.

1645 2100 1689 2164 II.
1715 2101 1804 2164 Obiit
1820 2100 1936 2164 Pasias
1953 2101 2115 2186 quondam
2131 2101 2331 2168 Bartolomei
2347 2103 2387 2168 de
2404 2104 2464 2168 Ar·

1583 2208 1652 2290 mis,
1669 2208 1723 2293 qui
1736 2207 1797 2270 fuit
1809 2215 1902 2294 pater
1918 2208 2088 2294 presbiteri
2104 2208 2303 2273 Bartolomei
2321 2213 2465 2277 canonici

1582 2316 1699 2398 nostri,
1725 2337 1782 2401 pro
1815 2317 1905 2380 cuius
1934 2317 2042 2380 anima
2067 2317 2222 2402 ampliata
2245 2317 2306 2381 luit
2329 2318 2464 2384 ecelesia

1581 2423 1715 2509 antiqua
1739 2425 1841 2487 sancti
1857 2423 2011 2506 Joannis;
2028 2445 2106 2508 ergo
2131 2445 2189 2510 pro
2212 2425 2282 2510 ipso
2309 2426 2464 2492 orandam

1580 2537 1638 2594 est.
1657 2531 1753 2594 Anno
1777 2530 1910 2594 DomIni
1932 2529 2238 2596 MOOOLXXXIX.
2256 2533 2345 2616 obiit,
2362 2540 2396 2597 et
2415 2555 2463 2598 ec·

1580 2637 1679 2702 clesia
1702 2638 1764 2701 luit
1788 2637 1942 2724 ampliata
1967 2659 2051 2702 anno
2074 2637 2206 2702 Domini
2229 2639 2403 2704 MODVII.

1643 2746 1688 2809 II.
1714 2767 1815 2810 nonas
1839 2745 2041 2830 septembris.
2060 2745 2150 2810 Obiit
2166 2745 2381 2812 Ildebrandus
2399 2770 2465 2812 ma·

1580 2855 1672 2940 gistri
1697 2852 1867 2918 Guallredi
1889 2853 1984 2935 filius,
2001 2852 2102 2917 frater
2125 2860 2244 2937 noster,
2263 2855 2317 2940 qui
2335 2855 2464 2942 reliquit

1579 2963 1672 3026 nobis
1697 2961 1799 3024 multa
1822 2961 1917 3024 bona.

1641 3069 1681 3134 V.
1707 3070 1778 3132 idus
1808 3069 1974 3134 MODXL.
2001 3069 2090 3134 Obiit
2118 3068 2266 3134 domiuus
2291 3070 2463 3156 Georgius,

1579 3179 1778 3242 novariensis
1808 3176 1953 3240 Ecclesia
1987 3177 2170 3263 propositus
2209 3198 2247 3241 ac
2287 3179 2465 3264 apostolice

1580 3286 1673 3349 Sedis
1696 3285 1946 3372 protonotarius,
1963 3285 2017 3370 qui
2041 3283 2173 3349 donauit
2197 3285 2332 3349 ecclesie
2348 3293 2383 3350 et
2399 3308 2465 3351 mo·

1580 3395 1721 3458 nestorio
1745 3394 1883 3456 florenos
1908 3392 1943 3458 O.

1642 3501 1764 3565 Idibus.
1779 3500 1869 3564 Obiit
1885 3500 2031 3564 dominus
2045 3499 2261 3564 GuIzardiuus
2277 3500 2392 3585 legum
2409 3501 2464 3566 do·

1580 3615 1659 3690 otor,
1676 3608 1776 3671 irater
1796 3615 1914 3690 noster,
1931 3609 2023 3693 cujus
2041 3607 2148 3672 anima
2164 3609 2254 3671 uiuat
2269 3607 2302 3670 in
2321 3607 2462 3674 Christo.

1580 3715 1781 3780 MOOXXII.

1641 3822 1770 3886 XVIII.
1806 3822 1963 3886 kalendas
1999 3821 2148 3887 octobris.
2185 3821 2273 3886 Obiit
2313 3821 2465 3887 dominus

1581 3931 1779 3997 Octauianus
1796 3931 1835 3994 de
1852 3931 2035 4014 Ubaldinis,
2052 3933 2258 3996 bononiensis
2280 3933 2465 4019 episcopus.

1641 4039 1715 4102 XV.
1740 4039 1829 4104 Obiit
1850 4039 2005 4122 magister
2021 4038 2218 4104 Gualfredus
2234 4039 2336 4103 frater
2352 4047 2466 4105 noster

1579 4147 1730 4229 exterior,
1755 4168 1812 4232 pro
1844 4167 1907 4232 quo
1938 4146 1997 4210 IX.
2030 4147 2184 4210 lectiones
2217 4147 2362 4232 agimus,
2389 4149 2467 4234 quia

1578 4254 1714 4317 multum
1739 4275 1796 4317 nos
1820 4253 1934 4317 dilexit
1959 4262 1992 4318 et
2016 4254 2213 4317 adiutorium
2236 4254 2407 4340 impendit.

1639 4361 1699 4425 XI.
1725 4360 1815 4425 Obiit
1838 4360 1987 4424 dominus
2010 4361 2133 4424 Paulus
2157 4361 2319 4446 quondam
2339 4362 2467 4426 domiui

1575 4467 1738 4549 Lazarini,
1762 4469 1873 4532 doctor
1897 4467 2109 4550 decretorum,
2135 4468 2257 4532 amicus
2281 4475 2406 4533 noster.

1639 4575 1697 4638 VI.
1722 4575 1812 4640 Obiit
1843 4575 1998 4660 magister
2028 4574 2178 4638 Matheus
2203 4575 2242 4639 de
2265 4575 2466 4661 Rotomago,

1576 4683 1631 4769 qui
1654 4683 1783 4768 reliquit
1806 4683 1898 4748 nobis
1922 4683 1993 4746 XL.
2019 4682 2126 4746 soldos
2150 4683 2410 4748 bonoueuorum.

1638 4789 1678 4856 V.
1692 4790 1781 4855 ObiIt
1796 4789 1920 4874 Victor,
1937 4791 2106 4876 episcopus
2129 4790 2275 4855 Bononia
2299 4791 2357 4875 qui
2382 4789 2468 4854 mul·

1575 4903 1643 4961 tum
1667 4898 1782 4961 dilexit
1804 4917 1873 4979 nos,
1890 4918 1948 4982 pro
1972 4918 2035 4982 quo
2058 4897 2119 4962 IX.
2137 4897 2290 4962 leetIones
2312 4898 2468 4963 facimus.

1636 5005 1701 5069 III.
1727 5004 1816 5071 Obiit
1839 5003 1997 5090 dompnus
2021 5003 2164 5068 Jacobus
2187 5005 2332 5070 Medicus
2368 5027 2469 5070 cauo-

1576 5113 1676 5195 nious,
1701 5112 1803 5176 frater
1826 5118 1934 5176 noster
1957 5109 1996 5174 de
2019 5110 2211 5176 Bretenorio
2234 5110 2430 5177 MOOXIII.

1929 5217 2100 5282 Ocrosua.

1638 5325 1807 5389 Kalendis.
1823 5325 1912 5390 Obiit
1929 5325 2082 5410 magister
2098 5325 2295 5390 Rambertus
2312 5326 2355 5390 de
2374 5325 2469 5412 Agu-

1575 5433 1690 5519 glaria,
1716 5433 1817 5496 frater
1839 5438 1958 5496 noster.

1637 5541 1677 5604 V.
1702 5540 1791 5605 Obiit
1814 5547 1917 5603 mater
1937 5547 2047 5605 nostra
2063 5540 2193 5604 domina
2211 5539 2388 5624 Gregoria,
2408 5561 2468 5605 ne·

1574 5649 1638 5736 ptis
1662 5648 1856 5712 venerabilis
1872 5648 1934 5711 riri
1962 5647 2084 5712 domini
2106 5648 2222 5734 prioris
2244 5646 2412 5712 Altichini
2437 5655 2471 5712 et

1574 5762 1678 5820 mater
1702 5755 1811 5819 fratris
1827 5754 1923 5818 Pauli
1943 5755 2044 5818 nostri
2067 5761 2100 5818 et
2120 5775 2202 5818 uxor
2217 5754 2339 5819 domini
2358 5754 2470 5820 Fran·

1574 5864 1650 5928 cisci
1674 5863 1713 5926 de
1739 5862 1861 5948 Cuspis,
1886 5883 1903 5925 e
1928 5883 1992 5948 qua
2015 5863 2117 5925 multa
2140 5862 2225 5927 bona
2249 5862 2391 5926 servitia
2416 5885 2469 5926 re·

1574 5971 1727 6057 cepimus.
1754 5970 1890 6034 Oremus
1914 5991 1973 6056 pro
1997 5991 2046 6033 ea.
2070 5969 2315 6035 dcccxxix.

1634 6078 1693 6143 VI.
1712 6078 1801 6143 Obiit
1823 6078 2002 6141 Bonatolus
2021 6077 2060 6141 de
2078 6077 2196 6160 Flesio,
2213 6083 2306 6163 pater
2321 6078 2469 6143 Franci·

1572 6185 1618 6250 sci
1647 6185 1704 6270 qui
1731 6185 1859 6270 scripsit
1881 6185 1967 6248 huuc
1995 6184 2150 6249 libellum.
2173 6183 2470 6250 uocemue>

1652 6451 1691 6517 (Β)
1711 6449 1755 6502 Sic
1772 6451 1801 6501 in
1814 6449 1992 6518 Necrologi03
2005 6450 2053 6502 sed
2066 6449 2176 6518 Aegidii
2188 6449 2278 6502 obitus
2291 6451 2470 6522 consignan-

1571 6540 1620 6592 dus
1640 6543 1681 6591 est
1701 6541 1735 6591 sd
1755 6538 1804 6590 IX.
1823 6539 1956 6590 kalendas
1975 6538 2146 6606 septembris.

1650 6631 1689 6695 (4)
1709 6629 1774 6679 Alta
1793 6644 1876 6679 manu
1895 6628 2002 6679 additus
2022 6632 2063 6680 est
2082 6644 2178 6694 annus,
2197 6629 2312 6698 antiqua
2343 6633 2459 6684 tamen.
