5490 7750
815 648 1048 698 senosanam
1077 648 1128 697 an
1157 646 1411 697 raorussoass
1440 647 1545 698 rurus
1574 646 1749 696 cxuourer
2113 627 2185 700 183

456 801 536 866 Post
552 802 611 865 hec
629 802 774 887 prelatus
786 799 968 888 Episcopus
986 821 1060 864 suos
1078 800 1154 864 fecit
1170 799 1343 882 codicillos,
1357 800 1501 884 ejusdem
1519 799 1636 862 notarii
1647 820 1743 863 manu
1761 800 1896 886 scriptos
1912 799 1943 863 in
1960 793 2016 863 M⁰.
2031 793 2089 864 cc⁰.
2103 794 2184 885 lvij⁰,

368 909 541 973 indictione
558 909 713 994 predicta,
728 909 779 972 die
795 929 880 973 nono
897 917 1038 972 exeunte
1054 929 1164 972 mense
1181 907 1344 971 februario
1361 907 1555 993 supradicto.
1570 906 1608 970 Iu
1626 907 1742 992 quibus
1759 907 1842 971 inter
1858 913 1964 971 cetera
1981 907 2186 993 infrascripta

368 1015 525 1101 disposuit
548 1037 606 1101 per
630 1016 688 1078 hec
712 1016 831 1080 verba:
849 1014 932 1078 Item
957 1036 1030 1078 curn
1054 1014 1172 1078 dixerit
1196 1013 1300 1077 dictus
1319 1012 1499 1100 Episcopus
1515 1013 1548 1077 in
1565 1033 1623 1076 suo
1640 1019 1844 1096 testamento,
1862 1013 1947 1099 quod
1963 1014 1990 1078 si
2006 1013 2186 1100 Episcopus

369 1124 551 1188 avinoensis
576 1145 741 1188 successor
765 1145 842 1188 suus
874 1123 990 1208 aliquis
1024 1129 1109 1187 esset
1137 1123 1305 1208 negligens
1337 1121 1369 1185 in
1400 1121 1547 1186 tenendis
1571 1121 1750 1185 scolaribus
1775 1121 1862 1207 apud
1892 1121 2090 1204 Bononiam,
2114 1143 2185 1208 pcr-

366 1231 514 1294 venirent
538 1229 624 1294 dicta
648 1231 781 1316 poderis
805 1252 862 1294 seu
885 1230 969 1294 dicte
993 1230 1212 1316 possessiones
1237 1229 1277 1292 ad
1303 1236 1449 1293 sanctum
1473 1227 1667 1292 Michaelem
1690 1229 1730 1292 dc
1753 1228 1898 1311 Busche,
1923 1229 1962 1292 de
1987 1229 2102 1314 quibus
2125 1229 2192 1316 ipsi

366 1337 498 1402 Fratres
523 1345 671 1402 tenorent
694 1346 765 1402 octo
790 1339 940 1403 scolares.
964 1338 1008 1402 Et
1031 1338 1059 1400 si
1082 1337 1144 1424 ipsi
1168 1344 1275 1401 essent
1298 1337 1510 1422 negligentes,
1535 1337 1741 1422 pervenirent
1765 1337 1909 1423 predicta
1933 1336 1975 1400 ad
2003 1337 2188 1424 Capitulum

367 1446 551 1510 avinoensis
582 1445 738 1528 Ecclesia,
764 1445 850 1531 quod
878 1452 1042 1510 teneretur
1066 1443 1173 1509 facere
1207 1444 1286 1508 illud
1317 1444 1413 1508 idem.
1441 1444 1484 1508 Et
1514 1445 1541 1508 si
1574 1466 1684 1509 omncs
1715 1444 1851 1530 predicti
1881 1445 2101 1509 invenirentur
2133 1466 2187 1508 ne-

367 1554 546 1639 gligentes,
572 1554 783 1618 commissarii
815 1553 991 1616 venderent
1024 1553 1110 1638 ipsas
1142 1553 1381 1638 possessiones,
1406 1559 1438 1616 et
1470 1551 1614 1638 precium
1645 1551 1874 1616 distribuerent
1904 1552 1987 1616 inter
2018 1573 2187 1638 pauperes.

369 1661 538 1726 Dictorum
562 1661 794 1746 negligentiam
820 1660 1047 1724 determinavit
1076 1661 1144 1746 ipse
1176 1658 1357 1746 Episcopus
1380 1681 1439 1745 per
1467 1658 1703 1723 commissarios
1734 1680 1808 1723 suos
1840 1659 1957 1724 dehere
1987 1659 2140 1746 reputari,
2166 1659 2192 1722 si

366 1769 546 1856 Episcopus
571 1769 695 1832 steterit
718 1789 777 1854 per
800 1789 920 1831 annum
946 1767 1031 1854 quod
1055 1789 1119 1831 non
1145 1773 1255 1831 teneat
1279 1766 1420 1831 scolares
1445 1766 1477 1830 in
1507 1765 1621 1831 Studio
1652 1766 1842 1831 bononiensi
1872 1773 1905 1830 et
1935 1775 1982 1831 tot
2013 1773 2091 1853 quot
2121 1767 2189 1852 ipse

366 1883 501 1940 testator
525 1876 672 1940 instituit.
690 1875 782 1939 Idem
806 1875 888 1938 dixit
913 1875 952 1938 de
975 1880 1088 1939 sancto
1113 1873 1275 1938 Michaele
1299 1872 1339 1937 de
1365 1873 1495 1938 Busche
1519 1878 1552 1938 et
1575 1872 1655 1936 illud
1676 1873 1761 1936 idern
1784 1872 1824 1937 de
1848 1873 1997 1960 Capitulo
2013 1875 2190 1958 avinocnsi,

368 1991 404 2048 ut
435 1985 627 2069 quicumque
660 2004 717 2069 per
742 2004 863 2047 annum
886 1982 1012 2047 steterit
1038 1981 1123 2067 quod
1158 2003 1220 2046 non
1249 1981 1391 2046 tennerit
1414 1981 1577 2046 scholares
1607 1987 1658 2045 tot
1686 1987 1763 2067 quot
1786 1981 1947 2045 ordinavit
1970 1989 2114 2066 testator,
2138 1982 2190 2046 vel

367 2092 407 2155 ad
432 2092 537 2154 minus
561 2112 629 2174 sex,
648 2090 819 2176 negligens
842 2090 1018 2172 habeatur3
1050 2097 1083 2153 et
1107 2089 1232 2175 possint
1252 2088 1463 2173 commissarij
1479 2087 1654 2175 procedere
1678 2088 1719 2152 ad
1742 2087 1985 2152 distrahendum
2004 2089 2137 2176 poderia
2160 2095 2192 2153 ct

366 2196 624 2262 distribuendum
647 2198 791 2283 precium
816 2198 898 2261 inter
921 2217 1092 2282 pauperes,
1116 2202 1152 2260 ut
1174 2195 1294 2260 dictum
1318 2202 1376 2260 est.

455 2305 582 2371 Deinde
606 2326 679 2368 cum
703 2327 796 2368 casus
820 2307 888 2368 sive
914 2304 1059 2370 condicio
1085 2305 1230 2369 evenerit
1254 2303 1415 2368 vendendi
1439 2303 1525 2367 dicta
1548 2302 1682 2388 poderia
1701 2312 1734 2366 et
1750 2304 1896 2390 precium
1913 2304 2127 2368 distribuendi
2144 2326 2193 2368 se-

367 2413 507 2478 cundum
538 2412 675 2476 formam
708 2411 784 2476 dicti
816 2411 1000 2476 testamenti
1031 2417 1063 2475 et
1098 2410 1318 2476 codicillorum
1347 2410 1581 2497 predictorum,
1607 2412 1682 2496 quia
1713 2408 1777 2474 illis
1812 2411 2011 2498 temporibus
2044 2409 2192 2475 Studium

369 2518 486 2584 defecit
509 2519 671 2601 Bononie,
696 2518 753 2582 sed
784 2520 926 2582 maxime
951 2520 1027 2605 quia
1059 2519 1179 2605 prefati
1208 2517 1362 2604 Episcopi
1385 2538 1585 2582 successores
1617 2519 1666 2582 sui
1698 2524 1730 2582 et
1761 2528 1938 2583 conventus
1968 2519 2121 2583 Fratrum
2151 2519 2190 2582 de

367 2626 497 2692 Buscho
529 2635 561 2690 et
594 2627 732 2712 denique
763 2626 948 2711 Capitulum
973 2627 1149 2690 avinoense
1175 2625 1354 2690 successive
1378 2626 1580 2710 negligentes
1604 2624 1736 2690 fuerunt
1766 2627 1799 2689 in
1827 2626 2005 2712 elegendis,
2031 2627 2192 2690 transmit·

368 2734 472 2798 tendis
496 2756 534 2798 ac
558 2733 705 2798 tenendis
730 2733 824 2797 dictis
848 2732 1050 2796 scholaribus
1075 2733 1222 2798 Bonouic
1247 2732 1288 2796 ad
1311 2731 1521 2814 studendum,
1547 2732 1664 2796 nedum
1687 2755 1746 2820 per
1770 2754 1890 2796 aunum
1922 2733 1978 2797 sed
2009 2735 2107 2798 etiarn
2134 2755 2192 2820 per

369 2843 477 2929 plures
500 2862 602 2905 annos
626 2849 801 2926 antequam
827 2839 977 2904 Studium
1002 2839 1153 2905 deficeret
1177 2840 1207 2903 in
1234 2841 1363 2905 civitate
1383 2838 1540 2922 Bononie,
1559 2841 1643 2925 quod
1662 2851 1774 2927 postea
1790 2847 2016 2927 recuperatum
2032 2843 2102 2922 fuit,
2119 2863 2190 2927 pre·

369 2949 428 3013 fati
454 2948 666 3033 commissarij
691 2949 836 3012 volentes
861 2947 979 3032 exequi
1002 2948 1168 3011 testatoris
1184 2947 1399 3029 voluntatem,
1417 2947 1539 3012 scilicet
1562 2947 1638 3012 dicti
1661 2948 1756 3012 Prior
1778 2948 2023 3013 Predicatorum
2039 2955 2071 3012 et
2088 2948 2192 3013 Guar-

372 3059 486 3123 dianus
503 3057 675 3138 Minorem,
693 3078 766 3120 cum
782 3056 866 3119 alius
884 3056 1123 3118 commissarius
1140 3055 1292 3140 predictis
1309 3055 1474 3119 intendere
1491 3077 1554 3119 nou
1571 3062 1680 3141 posset
1696 3056 1885 3142 exequendo
1909 3055 2064 3142 predicta,
2081 3057 2191 3121 habito

371 3174 477 3231 tamen
502 3165 592 3250 prius
616 3164 768 3228 conscilio
792 3165 825 3227 in
850 3163 977 3249 scriptis
1001 3164 1145 3250 plurium
1161 3163 1356 3250 prudentum
1373 3163 1515 3227 virorum
1536 3163 1797 3249 jurisperitorum
1815 3164 1954 3227 civitatis
1977 3163 2135 3247 Bononie,
2151 3185 2194 3228 an

369 3271 498 3358 procedi
522 3277 631 3355 posset
655 3269 696 3332 ad
720 3269 841 3332 dictam
861 3269 1109 3352 vendictionem,
1127 3275 1159 3332 et
1183 3269 1229 3332 eis
1255 3269 1456 3334 concorditer
1472 3269 1713 3334 consulentibus
1737 3269 1867 3355 procedi
1891 3291 1984 3356 posse
2008 3269 2049 3333 ad
2073 3268 2192 3334 dictam

370 3379 606 3460 venditionem,
630 3377 845 3441 vendiderunt
868 3384 1034 3462 tamqnam
1059 3377 1272 3461 commissarij
1304 3377 1390 3441 dicta
1413 3377 1547 3462 poderia
1569 3377 1674 3441 Paulo
1702 3377 1741 3440 de
1765 3377 1979 3459 Tencarariis,
2004 3378 2088 3464 patri
2116 3377 2192 3442 dicti

371 3487 505 3566 Thome,
529 3485 614 3549 bona
638 3484 701 3547 lide
729 3504 787 3569 pro
811 3484 919 3570 precio
946 3483 1205 3569 octingentarum
1227 3483 1384 3548 librarum
1407 3483 1661 3566 bononenorum,
1682 3483 1768 3569 quod
1791 3491 1867 3549 tuuc
1891 3505 2025 3549 comune
2049 3485 2193 3571 precium

369 3594 551 3677 videbatur,
568 3593 738 3679 ipsumque
755 3593 899 3678 precium
915 3599 1107 3678 receperunt
1126 3592 1383 3656 distribuendum
1403 3593 1486 3657 inter
1501 3613 1672 3679 pauperes,
1688 3593 1842 3679 illudque,
1860 3600 1895 3656 ut
1919 3592 2069 3677 creditur,
2087 3593 2192 3657 distri·

370 3703 509 3767 buerunt
533 3700 710 3764 secundum
736 3699 872 3764 formam
897 3700 974 3764 dicti
999 3700 1201 3780 testamenti3
1219 3720 1315 3786 super
1336 3700 1453 3785 quibus
1469 3699 1642 3786 poderibus
1660 3700 1727 3786 ipse
1743 3701 1866 3765 Paulus
1883 3708 1915 3765 et
1930 3701 2034 3765 dictus
2050 3701 2192 3766 Thomas

372 3810 442 3893 ejus
465 3808 550 3872 lilius
574 3808 640 3871 suis
664 3808 816 3893 expensis
840 3807 942 3870 multa
966 3807 1210 3872 melioramento
1233 3806 1389 3872 feceruut.

458 3915 528 3989 Que
555 3914 708 3994 venditis,
733 3914 964 3978 conscideratis
988 3913 1150 3999 predictis,
1169 3914 1310 3978 creditur
1332 3913 1526 4000 processisse
1551 3913 1589 3978 de
1612 3915 1695 3998 jure,
1720 3921 1753 3978 et
1776 3920 1952 3978 conventus
1975 3913 2136 4001 predictos
2160 3914 2192 3977 in

373 4022 514 4107 aliquem
537 4027 698 4102 eventum,
724 4020 791 4083 sive
816 4019 856 4083 de
877 4021 951 4104 jure
974 4020 1178 4106 processerit,
1203 4019 1271 4083 sive
1295 4040 1373 4103 non,
1399 4040 1463 4083 non
1486 4021 1589 4084 teneri
1614 4020 1653 4084 de
1677 4020 1830 4107 predictis
1853 4019 1988 4084 reddere
2011 4020 2192 4103 racionem,

373 4149 447 4192 cum
470 4127 568 4191 nichil
592 4127 735 4214 ipsorum
760 4127 889 4190 nomine
914 4133 1043 4212 gestum
1067 4125 1174 4209 fuerit,
1200 4146 1259 4190 nec
1289 4125 1331 4190 ad
1360 4147 1415 4190 eos
1439 4125 1561 4191 dietum
1584 4127 1728 4214 precium
1751 4127 1947 4213 pervenerit,
1972 4148 2031 4191 nec
2054 4127 2118 4190 sint
2140 4127 2194 4190 vel

373 4237 493 4302 luerint
516 4236 675 4300 dictorum
699 4234 904 4322 poderiorum
928 4235 1036 4320 aliquo
1066 4241 1212 4321 tempore
1236 4255 1455 4321 possessores3
1480 4235 1623 4320 prefatos
1655 4243 1763 4300 tamen
1789 4236 1989 4318 venditores,
2014 4257 2076 4321 que
2108 4256 2192 4300 com·

375 4344 472 4407 missa
495 4343 625 4425 fuerint,
649 4343 677 4406 si
700 4343 856 4426 viverent,
879 4363 942 4406 non
967 4349 1105 4428 negatur
1130 4343 1233 4406 teneri
1255 4341 1294 4405 de
1318 4340 1471 4428 predictis
1494 4342 1629 4407 reddere
1654 4345 1827 4427 racionem,
1845 4344 1872 4407 si
1895 4343 2078 4408 distributio
2095 4343 2194 4429 precii

373 4451 459 4516 facta
483 4472 546 4515 non
571 4450 694 4514 fuisset.

463 4559 538 4644 Ipse
561 4566 670 4623 autem
695 4556 836 4622 Thomas
860 4557 990 4622 videtur
1014 4558 1116 4622 eciam
1140 4579 1205 4622 non
1228 4558 1348 4639 teneri,
1373 4581 1446 4624 curn
1469 4558 1555 4624 bona
1582 4557 1644 4622 fide
1677 4559 1790 4623 emerit
1813 4567 1906 4646 pater
1929 4559 2016 4643 ejus,
2041 4565 2073 4622 et
2096 4559 2193 4644 longo

376 4673 520 4752 tempore
540 4665 728 4751 possederit,
746 4666 932 4730 continuato
957 4673 1101 4752 tempore
1125 4666 1226 4752 patris
1250 4665 1310 4749 sui,
1334 4673 1367 4731 et
1389 4665 1534 4754 precium
1557 4667 1689 4731 solverit
1712 4673 1805 4752 pater
1828 4668 1909 4751 ejus,
1930 4673 1965 4729 ut
1989 4674 2114 4731 constat
2137 4688 2194 4752 per

374 4775 540 4860 publicum
562 4775 809 4838 instrumentum
833 4781 865 4836 et
889 4779 1015 4837 constat
1038 4773 1262 4838 vendicionem
1284 4773 1354 4838 fieri
1377 4775 1520 4860 potuisse
1544 4775 1723 4838 rationibus
1747 4775 1927 4839 antedictis.

461 4883 616 4947 Dicentes
640 4883 749 4964 etiam,
766 4904 840 4946 eum
863 4883 1045 4946 reverentia
1070 4890 1188 4964 tamen,
1206 4882 1292 4968 quod
1316 4883 1467 4968 objicitur
1491 4883 1530 4947 de
1554 4883 1699 4970 deposito
1724 4884 1805 4947 alias
1829 4884 1914 4948 facto
1938 4906 1996 4970 per
2012 4890 2188 4948 conventus

371 4991 410 5055 de
435 4990 614 5076 quantitate
639 4990 898 5074 octingentarum
923 4990 1094 5072 librarum,
1121 4990 1289 5054 occasione
1319 4991 1463 5076 predicta
1494 5012 1558 5055 non
1590 4992 1756 5074 obstante,
1782 4991 1857 5077 quia
1885 5013 1950 5056 non
1977 4991 2038 5056 luit
2067 4992 2189 5056 factum

370 5097 491 5162 dictum
514 5097 695 5183 depositum
719 5119 776 5183 per
801 5097 1036 5162 commissarios
1061 5098 1114 5183 qui
1137 5098 1206 5181 jam
1230 5105 1323 5162 eraut
1346 5099 1478 5182 mortui,
1503 5107 1536 5164 et
1558 5099 1712 5185 precium,
1737 5099 1813 5162 dum
1835 5099 1992 5182 viverent,
2018 5100 2188 5164 distribue·

371 5211 445 5270 rant
468 5205 659 5269 auctoritate
683 5204 760 5268 dicti
784 5206 979 5287 testamenti,
996 5226 1055 5269 nec
1079 5205 1183 5270 eciam
1210 5205 1332 5270 factum
1356 5205 1418 5270 luit
1439 5214 1604 5292 tamquam
1628 5206 1667 5271 de
1691 5207 1800 5293 precio
1821 5207 1862 5270 ad
1880 5229 1934 5271 eos
1950 5214 2116 5294 pervento,
2133 5207 2190 5272 scd

377 5313 480 5378 solum
505 5312 627 5376 factum
650 5311 710 5375 luit
733 5318 865 5398 propter·
881 5311 1048 5376 evitandos
1065 5311 1221 5398 quosdam
1237 5333 1416 5398 processus,
1433 5334 1475 5378 ex
1491 5315 1607 5400 quibus
1623 5313 1700 5378 dicti
1715 5321 1902 5397 conventus,
1919 5337 1992 5378 cum
2007 5316 2189 5379 reverentia

375 5428 483 5483 tamen
507 5418 704 5502 facientium,
730 5417 872 5483 indebite
897 5419 1118 5504 gravabantur
1141 5419 1308 5484 occasione
1332 5419 1494 5506 predicta,
1528 5421 1582 5506 qui
1615 5421 1698 5485 velle
1729 5421 1903 5508 procedere
1927 5420 2120 5486 videbantur
2148 5422 2213 5486 ad'

371 5525 627 5590 interdicendum
650 5526 790 5610 eosdem,
808 5527 870 5590 nisi
893 5527 984 5591 fieret
1008 5527 1188 5613 depositum
1205 5527 1435 5613 supradictum,
1452 5533 1497 5611 ut,
1515 5528 1584 5614 ipso
1608 5528 1753 5614 deposito
1777 5527 1863 5593 facto
1892 5529 1931 5592 de
1952 5529 2036 5614 jure,
2054 5550 2187 5594 excusa·

372 5634 459 5699 tione
484 5641 516 5697 et
540 5633 726 5697 defensione
751 5633 894 5718 ipsorum
919 5641 1134 5698 conventuum
1157 5634 1284 5720 plenius
1307 5635 1481 5718 videretur,
1498 5635 1706 5700 nihilominus
1730 5636 1771 5700 ab
1795 5657 1906 5700 eorum
1928 5635 2131 5722 processibus
2148 5635 2189 5700 ad

372 5741 609 5805 sanctissimum
631 5747 757 5827 patrem
782 5753 926 5805 nostrum
950 5741 1115 5805 dominum
1146 5741 1271 5828 Papam
1303 5763 1360 5829 pro
1391 5749 1483 5828 parte
1514 5743 1672 5807 dictorum
1706 5751 1922 5808 conventuum
1949 5743 2056 5808 extitit
2079 5743 2188 5830 appel-

372 5849 484 5912 latum.

459 5955 568 6029 Quare
585 5955 786 6041 supplicatur
802 5955 967 6020 humiliter
982 5956 1170 6042 paternitati
1186 5963 1293 6020 vestre
1309 5956 1451 6042 predicte
1468 5979 1526 6044 pro
1542 5966 1634 6043 parte
1651 5958 1808 6022 dictorum
1825 5965 2001 6023 conventus
2018 5966 2050 6022 ct
2066 5958 2189 6022 Thome

373 6062 519 6149 predicti,
541 6070 699 6147 quatenus
724 6062 875 6148 dignetur
898 6069 1005 6127 vestra
1030 6064 1208 6149 paternitas
1231 6064 1271 6127 de
1295 6070 1403 6128 vestra
1426 6065 1521 6128 solita
1546 6065 1716 6130 clementia
1739 6072 1772 6130 et
1794 6065 1994 6151 benignitate
2019 6087 2076 6152 per
2100 6065 2189 6128 audi·

372 6176 459 6234 tores
482 6177 616 6252 vestros,
636 6170 690 6234 vel
713 6171 804 6253 alios,
829 6171 1009 6234 examinari
1033 6171 1140 6236 lacere
1162 6173 1237 6256 jura
1261 6172 1423 6258 predicta,
1448 6179 1480 6236 et
1511 6195 1574 6237 non
1599 6172 1667 6258 pati
1691 6172 1776 6258 quod
1808 6173 1868 6258 ipsi
1897 6173 1948 6237 vel
1971 6173 2054 6236 alter
2077 6193 2188 6236 eorum

372 6299 414 6341 ex
437 6277 588 6363 predictis
612 6276 753 6341 indebite
778 6284 1008 6363 aggraventur.
