5544 7750
1029 640 1242 692 aenomaus
1269 641 1471 692 ILLUSTRES

332 796 372 861 D.
396 797 575 861 Roderious
599 795 741 878 Martini,
766 795 938 859 canonicus
962 795 1096 860 66616616
1120 794 1216 858 16161-

440 905 524 967 1666.

330 1011 419 1096 1163.
445 1011 637 1096 Rodulphus
660 1010 699 1074 (16
723 1008 864 1074 Basilea.

330 1117 371 1183 D.
396 1119 588 1204 Rodulphus
612 1117 752 1202 Legozo,
777 1117 950 1182 canonicus
974 1117 1131 1182 dolenxis.

331 1226 373 1291 D.
397 1226 565 1291 Rolandus
590 1224 629 1288 de
653 1225 851 1290 Altomoute.

331 1333 373 1398 D.
395 1333 563 1397 Rolandus
579 1333 777 1415 Zantonarii,
795 1332 1039 1397 archidiaconus
1056 1332 1212 1397 doleuxis.

330 1440 372 1505 D.
396 1440 557 1526 Rogerius
582 1439 705 1504 (161666
729 1440 768 1504 (16
792 1439 950 1505 Τ666666.

329 1547 371 1612 D.
396 1547 584 1632 Rostagnus
609 1546 648 1610 de
672 1553 784 1611 666616
809 1547 967 1612 (1666616.

329 1653 371 1720 D.
397 1654 570 1740 Spinellus,
594 1654 751 1740 plebanus
775 1653 815 1718 de
838 1653 1039 1739 Fesigareto.

330 1763 418 1848 Mag.
444 1761 628 1848 Stephanus
652 1761 691 1825 de
716 1761 887 1826 Torxiaco.

330 1870 372 1935 D.
398 1869 581 1955 Stephanus
604 1868 644 1933 (16
666 1869 793 1933 Palma.

329 1976 417 2062 Mag.
442 1977 657 2040 'Phederixius
681 1976 720 2040 (16
743 1975 872 2058 Fisoho,
889 1976 1085 2042 lovaniensis
1101 1984 1133 2042 et
1152 1977 1214 2041 lin·

438 2083 609 2149 colinensis
634 2085 818 2148 canonicus.

329 2191 371 2256 D.
396 2191 545 2255 Thomax
569 2191 608 2256 (16
638 2190 795 2273 Baxilea,
818 2191 977 2278 plebanus
1005 2191 1139 2256 ecclesie
1175 2191 1214 2256 de

437 2299 595 2380 Fvasiconr.

330 2406 372 2471 D.
398 2392 546 2470 Thornax
570 2405 610 2470 (16
632 2405 781 2489 Firccho,
805 2412 911 2470 rector
934 2405 1068 2471 ecclesie
1091 2406 1124 2470 16
1152 2406 1215 2471 Ou-

438 2535 525 2576 enac.

330 2619 372 2686 D.
397 2621 556 2703 Thomas,
582 2620 755 2685 canonicus
778 2621 986 2686 norvicensis.

331 2726 372 2791 D.
398 2727 655 2810 Thuxinrannus,
679 2727 836 2814 plebanus
860 2728 900 2792 de
922 2727 1102 2792 Brandilio.

330 2833 371 2898 D.
395 2834 543 2898 Ubaldus
568 2834 607 2898 de
631 2833 861 2898 Interminellis
886 2834 925 2898 de
948 2834 1049 2899 Luca.

330 2940 418 3026 1163.
443 2941 624 3005 Venantius
648 2940 688 3004 de
713 2941 833 3006 Osimo.

329 3046 372 3112 D.
397 3048 492 3112 Vitus
517 3048 601 3111 filius
625 3048 747 3113 domini
770 3049 894 3113 comitis
918 3048 1071 3134 Butinoy.

330 3154 371 3219 D.
397 3155 537 3238 Ulricus,
563 3156 735 3220 canonicas
759 3156 939 3242 spiolensis.

330 3261 372 3327 D.
398 3262 546 3326 Zifredus
570 3263 609 3326 (16
633 3262 806 3326 Pecorario
827 3263 867 3328 (16
887 3262 1065 3346 Placentia,
1083 3263 1213 3328 666661-

437 3392 493 3434 666
517 3369 726 3434 tornacensis.

659 3583 888 3648 MOOLXXX.

330 3799 371 3864 D.
396 3799 548 3864 Albricus
572 3799 693 3863 domini
717 3799 874 3864 (16116616
894 3799 933 3864 (16
955 3800 1125 3883 Medicina,
1142 3821 1212 3865 car·

437 3906 554 3970 dinalis
578 3907 764 3970 ravennatis
787 3905 944 3971 Ecclesia.

329 4013 371 4078 D.
396 4013 588 4078 Anbrardus
612 4013 651 4077 de
679 4012 803 4077 Arifato
828 4019 860 4077 61
883 4014 1031 4078 (16661666
1047 4014 1212 4079 Arnaldus

438 4121 599 4203 Subiraui,
616 4120 744 4203 fratros,
760 4120 819 4184 filii
839 4120 960 4185 domini
976 4120 1135 4186 Bernardi
1152 4121 1212 4187 Su-

437 4228 541 4291 birani
565 4227 674 4292 militis
699 4227 852 4292 albiensis
874 4227 1022 4293 diocesis.

328 4335 369 4400 D.
394 4334 543 4400 Andreas
560 4335 600 4399 (16
616 4335 763 4417 Ρ616616,
781 4335 953 4400 666661666
971 4335 1210 4420 mosnemensis,

436 4443 521 4506 filius
542 4441 663 4506 domini
685 4442 860 4508 Bonamini
882 4443 991 4507 militis
1016 4443 1055 4507 de
1074 4442 1213 4508 Polonia

436 4557 567 4642 Magna.

328 4664 369 4729 D.
393 4664 568 4729 Anselmus
592 4663 631 4728 de
656 4664 764 4746 (16616,
789 4664 901 4729 (166166
923 4664 1028 4728 fixiee.

328 4771 370 4837 D.
394 4771 590 4835 Beltrandus
612 4771 782 4836 Beltrandi
805 4770 845 4836 de
868 4771 1009 4834 Anaxia.

328 4877 369 4943 D.
393 4878 580 4942 Bernardus
603 4877 642 4941 de
666 4878 820 4961 Foliano,
848 4879 1030 4964 prepositus
1061 4877 1101 4942 (16
1134 4877 1212 4944 (166-

435 4992 568 5071 peneta,
593 4986 766 5050 canonicus
798 4993 907 5049 666616
937 4984 1212 5051 (1666166666116-

435 5092 542 5156 nensis
566 5092 880 5156 6166661111661161
904 5092 1095 5156 turonensis.

329 5199 372 5266 D.
396 5199 561 5263 Gerardus
592 5198 631 5262 (16
663 5198 870 5282 cornazano,
895 5199 1068 5262 canonicus
1103 5205 1210 5264 torna·

436 5307 550 5371 censis.

328 5414 369 5479 D.
388 5413 541 5478 Giraldus
557 5412 597 5476 de
613 5411 766 5493 Abalata,
780 5411 953 5476 canonicus
969 5412 1211 5478 valentinensis.

329 5521 417 5607 1163.
443 5520 549 5585 (161(16
573 5520 612 5584 (16
636 5518 781 5583 Ρ611666.

328 5627 371 5693 D.
396 5628 734 5710 (161111616666,666166
757 5626 891 5691 ecclesie
908 5626 999 5692 Nove
1015 5628 1152 5692 Baxilee
1172 5628 1212 5693 (16

435 5734 589 5798 1166661116
613 5735 758 5798 clericus.

329 5841 371 5906 D.
395 5841 557 5906 Heuricus
582 5841 621 5905 de
647 5841 799 5927 Stricput.

329 5947 371 6013 D.
395 5948 505 6033 Η636,
530 5948 703 6014 666661666
727 5949 831 6012 666611
854 5947 1012 6014 (luidonis
1036 5949 1201 6036 spirensis.

328 6055 417 6140 1163.
441 6053 609 6120 16166666
633 6055 672 6120 (16
698 6055 845 6120 (1161666.

327 6161 369 6228 D.
393 6161 560 6228 Johannes
583 6163 624 6228 de
648 6163 785 6243 (lanuto,
802 6163 975 6228 canonicus
1000 6163 1213 6228 6666111166-

436 6270 496 6334 1161
520 6270 559 6334 (16
583 6269 705 6353 Danda,
730 6270 912 6334 turonensis
936 6267 1083 6335 diocesis.

392 6500 431 6567 (1)
451 6499 504 6550 66.

2085 619 2159 690 319

1280 793 1322 858 D.
1355 794 1522 858 Johannes
1556 794 1595 859 (16
1626 794 1785 878 Beruhic,
1816 801 1921 860 rector
1953 793 2087 858 ecclesie
2122 793 2162 858 de

1385 901 1518 966 Reusin.
1543 900 1582 965 do
1608 902 1726 967 Scotia.

1277 1006 1319 1073 D.
1343 1008 1510 1073 Johannes
1534 1008 1574 1073 (16
1597 1008 1736 1092 (1166161,
1762 1009 1919 1094 66311666.

1275 1114 1317 1180 D.
1342 1115 1364 1179 J
1365 1115 1516 1198 ordanus,
1532 1117 1705 1180 canonicus
1729 1116 1824 1180 heato
1840 1115 1942 1188 Maria
1958 1115 2104 1202 Virginis
2121 1117 2161 1182 (16

1386 1222 1538 1309 Stampis,
1561 1223 1646 1288 filius
1670 1222 1793 1288 domini
1815 1223 1914 1288 Futii.

1277 1329 1318 1394 D.
1342 1330 1494 1394 Moschus
1518 1330 1700 1413 Michaelis,
1724 1331 1812 1418 prior
1836 1330 2046 1418 (16166636,
2070 1354 2160 1419 parn-

1384 1437 1560 1524 pilouensis
1584 1437 1730 1503 diocesis.

1277 1543 1483 1608 1111161661
1514 1544 1647 1629 (166616,
1674 1547 1892 1631 portionarius
1926 1545 2093 1612 Placentie
2129 1549 2162 1613 16

1383 1650 1554 1738 Hispania.
1605 1725 1608 1734 .
1892 1735 1894 1740 Α

1277 1756 1366 1843 1163.
1391 1758 1506 1823 Nicola
1529 1759 1713 1823 Arculanus
1737 1759 1776 1824 de
1800 1759 1916 1825 Roma.

1278 1865 1320 1930 D.
1345 1865 1529 1930 Othavante
1553 1866 1592 1930 de
1617 1866 1794 1932 Florentia.

1277 1971 1319 2038 D.
1344 1971 1530 2038 Octobonus
1554 1973 1593 2037 (16
1617 1973 1801 2058 Plaxentia,
1821 1975 1994 2040 canonicus
2018 1977 2160 2042 666616-

1384 2081 1503 2146 nensis.

1276 2187 1318 2252 D.
1342 2187 1460 2252 Petrus
1483 2188 1670 2274 Raymuadi
1692 2187 1733 2253 de
1756 2187 1986 2275 Perpiguiano.

1277 2293 1319 2360 D.
1343 2295 1460 2359 Petrus
1483 2293 1523 2360 de
1545 2294 1655 2360 Nixia.

1277 2402 1319 2467 D.
1343 2401 1524 2490 Philippus,
1546 2401 1718 2467 canonicus
1742 2404 1845 2467 sancti
1868 2403 1999 2470 Andree
2023 2404 2160 2471 (166666-

1319 2541 1320 2544 “
1385 2511 1499 2573 666616.

1278 2615 1320 2681 D.
1343 2616 1479 2680 Pontius
1503 2616 1645 2682 (1666161.

1276 2723 1318 2789 D.
1335 2723 1548 2810 Raymnndus
1565 2724 1685 2808 Garici,
1703 2725 1875 2790 canonicus
1892 2729 2159 2794 carcassonensis.

1277 2830 1319 2895 D.
1342 2831 1555 2917 Raymundus
1579 2831 1618 2895 de
1641 2831 1798 2896 Briloaia.

1276 2938 1317 3003 D.
1341 2937 1554 3024 Raymundus
1577 2938 1617 3003 (16
1640 2938 1831 3022 Lornberiis,
1848 2945 1953 3004 rector
1969 2941 2103 3006 ecclesie
2121 2942 2160 3007 de

1385 3045 1517 3110 Castris.

1276 3152 1317 3217 D.
1342 3152 1524 3217 Richardus
1548 3152 1587 3217 de
1611 3152 1804 3236 Guiuchanr,
1829 3154 1986 3240 66311666.

1276 3260 1317 3326 D.
1341 3260 1504 3325 Rohertus
1538 3260 1579 3325 de
1617 3261 1816 3345 Poutixera,
1849 3262 2022 3327 canonicus
2056 3265 2159 3330 666611

1383 3367 1541 3442 Quintini.

1275 3475 1363 3562 Mag.
1387 3476 1590 3564 Rodulphus,
1613 3482 1719 3542 rector
1742 3477 1876 3542 ecclesie
1899 3477 1939 3543 de
1962 3479 2136 3566 Arlunghi.

1275 3583 1316 3648 D.
1333 3584 1502 3648 Rolandus
1519 3584 1559 3648 de
1575 3583 1727 3666 Bearnia,
1745 3585 1991 3650 archidiaconus
2007 3587 2158 3654 dolensis.

1275 3691 1316 3756 D.
1341 3691 1518 3774 Thaddius,
1541 3691 1724 3779 prepositus
1747 3691 2050 3780 foropompilieusis.

1274 3797 1316 3864 D.
1340 3799 1523 3863 Ubaldinus
1547 3799 1632 3862 filius
1656 3798 1888 3864 (1661066161ῑί
1912 3801 1951 3865 de
1974 3801 2151 3868 Florentia.

1275 3906 1307 3971 D
1341 3906 1483 3989 Ulricus,
1507 3907 1680 3970 canonicus
1703 3906 1867 3992 spirensis.

1595 4119 1842 4185 MCOLXXXI.

1275 4333 1316 4398 D.
1340 4335 1464 4399 Acatus
1487 4333 1616 4399 Aucati.

1274 4442 1316 4507 D.
1341 4443 1449 4507 Adam
1471 4441 1510 4507 (16
1533 4441 1660 4506 Laudic
1684 4441 1724 4506 de
1747 4441 1931 4508 Atrablato.

1274 4549 1363 4636 Μ63.
1387 4549 1514 4615 Alanus
1530 4550 1570 4615 de
1587 4550 1701 4616 (166166
1717 4550 1917 4629 Puellarum,
1933 4552 2069 4618 clericus
2085 4573 2159 4616 san·

1382 4659 1425 4723 cti
1447 4657 1579 4722 Andree
1601 4656 1683 4722 dioc.
1708 4658 1741 4722 in
1766 4657 1884 4723 Scotia.

1274 4765 1317 4830 D.
1341 4764 1524 4829 Albrardus
1547 4763 1587 4829 de
1610 4763 1750 4830 Arifato.
1803 4763 1807 4772 '

1274 4871 1317 4938 D.
1340 4872 1494 4955 Alrarus,
1511 4872 1612 4936 abbas
1636 4870 1808 4936 1666166616
1832 4872 1865 4936 16
1888 4871 2025 4937 66616616
2048 4874 2160 4960 palen·

1383 4979 1461 5044 1166.

1274 5085 1316 5152 D.
1341 5086 1506 5150 Alnardus
1530 5086 1569 5151 de
1592 5086 1751 5151 Petrillia.

1275 5193 1317 5260 D.
1341 5193 1540 5278 Balduinus,
1565 5199 1673 5258 custos
1696 5195 1901 5280 senogrensis
1925 5195 2159 5260 cameracensis

1381 5300 1528 5365 diocesis.

1275 5406 1317 5472 D.
1341 5406 1529 5472 Bernardus
1552 5406 1681 5472 Aucati.

1274 5513 1317 5581 D.
1341 5513 1541 5579 Bertrandus
1567 5514 1668 5578 abbas
1692 5513 1733 5578 de
1755 5513 1913 5578 Percano.

1275 5620 1317 5687 D.
1341 5620 1530 5686 Bonilacius
1554 5621 1593 5686 de
1617 5620 1882 5685 Vicecomitibus.

1274 5730 1317 5796 D.
1341 5729 1530 5796 Bonifacius
1553 5730 1721 5796 Visconte.

1274 5839 1317 5904 D.
1342 5837 1535 5922 (1666161666,
1559 5838 1732 5902 666661666
1756 5838 1962 5923 legionensis.

1274 5946 1362 6032 1163.
1388 5945 1572 6031 (1666131166
1595 5945 1635 6010 (16
1658 5945 1892 6011 Μ66161166(1).

1275 6053 1364 6140 1163.
1389 6053 1573 6138 (1666131166
1598 6053 1637 6117 (16
1662 6052 1845 6118 Camerino.

1275 6161 1318 6226 D.
1343 6160 1523 6226 (1666(11666
1546 6160 1586 6224 (16
1610 6160 1773 6246 (16661316.

1275 6268 1365 6354 Μ63.
1388 6266 1578 6332 Edmuudus
1602 6267 1642 6331 (16
1666 6265 1860 6350 (1666161611,
1885 6267 2043 6353 66311666.
