5484 7746
1031 659 1220 710 APPENDIX
1248 658 1398 708 ALTERA

299 817 473 881 Anselmns
502 816 698 897 teutonicus,
728 815 782 900 qui
821 812 959 898 reliquid
990 813 1081 876 nobis
1116 819 1181 876 trss

300 925 399 988 libras
424 921 684 1006 boloni[n]orum.

362 1030 401 1094 V.
428 1030 593 1094 kalendas.
619 1029 710 1114 Ohjit
741 1029 876 1092 domnus
905 1027 1075 1090 Americns
1107 1047 1182 1090 can-

301 1138 451 1202 cellarius
471 1136 662 1219 Cardinalis,
681 1137 853 1200 canonicus
870 1143 980 1199 sancte
997 1132 1110 1224 Maris,
1128 1132 1184 1218 qui

300 1245 388 1308 dedit
413 1246 504 1309 nobis
529 1245 662 1308 calicem
686 1264 839 1330 magnum
863 1249 894 1306 ct
910 1242 1037 1328 siphum
1056 1239 1183 1326 argenti

300 1360 332 1416 ct
356 1353 397 1416 X.
423 1353 529 1416 untias
553 1352 634 1415 auri,

361 1461 402 1524 Ia
436 1461 497 1524 olto
535 1457 709 1543 apographo
747 1457 880 1543 lepitur:
916 1455 1012 1520 Anno
1053 1455 1184 1519 Domini

300 1566 558 1632 MCXXXVIII.
572 1565 663 1650 Ohjit
680 1565 827 1629 dominns
840 1561 1032 1648 Aymericus
1050 1561 1082 1626 S.
1093 1561 1133 1625 R.
1145 1561 1184 1626 E.

300 1673 454 1738 diaconus
469 1672 649 1738 DardInaIis
667 1678 699 1734 et
716 1669 928 1734 cancellarius
949 1667 1070 1732 domini
1086 1669 1183 1734 Inno-

302 1782 398 1846 centii
422 1802 505 1866 pape
527 1779 591 1860 II.,
609 1779 664 1864 qui
688 1778 749 1842 luit
765 1777 804 1841 de
823 1777 950 1859 nostris,
969 1782 1001 1839 et
1018 1775 1105 1839 dedit
1128 1798 1183 1841 no·

298 1890 348 1953 bis
372 1889 504 1952 calicem
530 1907 684 1971 magnum
708 1891 740 1949 et
763 1884 909 1970 sciphum
934 1883 1061 1968 argenti
1085 1890 1117 1947 et
1140 1883 1183 1948 X.

297 1997 410 2060 urrcias
434 1995 515 2058 aurI.
540 1994 580 2056 In
603 1994 696 2076 cujus
720 1993 790 2056 Ioco
814 1991 875 2054 fnit
904 1991 1096 2055 substitutus
1128 1990 1183 2055 do·

298 2105 403 2167 minus
430 2102 594 2166 Gerardus
618 2101 776 2187 presbiter
800 2099 975 2164 canonicus
999 2106 1117 2164 noster.

675 2208 812 2274 lunius.

362 2318 460 2382 XIII.
485 2316 653 2381 kalendas.
677 2315 850 2380 Millesimo
883 2315 1056 2379 centesimo
1085 2335 1184 2378 nona·

298 2425 421 2509 gesimo
446 2424 592 2510 septimo,
617 2424 650 2487 in
673 2423 724 2486 dia
757 2429 943 2486 sanctorum
973 2421 1122 2486 Gerrasii
1152 2427 1185 2484 ot

298 2532 439 2596 Protesii
466 2539 562 2617 atque
585 2529 797 2614 Rom[u]aldi.

363 2640 455 2723 Objit
478 2639 645 2704 Johannes
669 2637 709 2701 de
733 2635 907 2718 Fabriano,
925 2635 964 2698 de
982 2657 1044 2720 qno
1069 2635 1184 2700 habui-

304 2769 374 2810 mus
398 2747 469 2810 XL.
495 2745 602 2809 soldos
626 2745 879 2809 bononenornm.

355 2854 415 2917 IX.
426 2852 595 2916 kalendas.
607 2851 698 2937 Ohjit
712 2851 867 2936 magister
883 2850 1108 2914 MachInoIdus
1122 2850 1186 2914 bri·

297 2961 421 3042 siensis,
440 2962 493 3046 qui
519 2959 648 3044 reliquit
672 2959 766 3023 nobis
788 2957 864 3022 XX.
882 2958 940 3022 sol.
960 2958 1184 3044 imperialium.

678 3067 815 3132 dumus.

363 3175 439 3239 VII.
458 3175 539 3238 idus.
559 3174 650 3259 Ohjit
662 3173 769 3238 David
788 3174 826 3236 de
839 3172 1060 3256 Lcsscvad[e],
1071 3173 1110 3236 de
1123 3194 1186 3258 quo

298 3284 469 3346 hobuirnus
494 3281 535 3344 X.
554 3282 663 3346 soldos
680 3281 754 3345 bon.
773 3303 831 3366 pro
849 3279 1023 3344 relectione
1039 3279 1185 3363 fratrum,

299 3399 330 3454 et
347 3390 423 3454 XX.
441 3390 549 3453 soldos
567 3389 642 3453 bon.
658 3409 716 3475 pro
734 3409 830 3473 opere
849 3388 951 3451 sancti
968 3386 1101 3451 Thomu.

362 3498 420 3561 IV.
438 3498 518 3561 idus.
542 3497 632 3580 Objit
654 3496 808 3580 magister
826 3495 1038 3577 GuarnerIns,
1057 3493 1186 3558 canoni-

301 3629 356 3671 cus
381 3616 412 3671 et
436 3606 592 3670 diaeonus
617 3613 727 3669 sancte
751 3604 853 3668 MarIe
879 3603 918 3667 do
941 3603 1045 3667 Reno.

363 3713 455 3778 XIV.
490 3713 657 3776 kalendas.
690 3711 781 3797 Obijt
815 3710 977 3774 Henricus
1017 3711 1186 3797 episeopus

300 3821 508 3885 bonomensis
533 3819 676 3883 ecclesia.

361 3927 459 3992 XIII.
478 3926 644 3990 kalendas.
672 3925 762 4008 Ohjit
786 3923 971 3988 Wilielmus
995 3924 1034 3988 de
1059 3923 1184 3988 Phene.

361 4035 420 4098 VI.
451 4033 619 4098 kalendas.
647 4033 739 4118 Ohjit
763 4031 869 4096 Gnido
900 4032 985 4095 filins
1014 4029 1187 4115 ma[gi]stri

304 4141 439 4205 Aldrioi.

646 4248 843 4310 Auousrus.

366 4356 533 4420 Kalendis.
559 4355 651 4440 Ohjit
675 4355 829 4439 aragistcr
845 4353 1031 4418 Wilielmus
1049 4355 1187 4420 Duonus

305 4472 337 4528 et
360 4463 533 4528 carrouicus
557 4461 713 4525 Lucensis
737 4461 888 4542 ecclesia,
913 4461 953 4524 de
979 4483 1041 4547 quo
1072 4461 1187 4526 habui·

305 4593 375 4635 mus
391 4571 432 4634 X.
451 4570 557 4634 soldos
580 4569 767 4656 pisanorum
791 4574 825 4632 st
847 4568 905 4633 IV.
923 4576 1096 4654 quaternos
1120 4589 1187 4633 ser·

305 4701 444 4743 monum.
553 4703 558 4712 ·

366 4786 478 4849 Nonis.
504 4784 594 4869 Ohjit
611 4833 723 4849 .....
746 4783 904 4869 sngIIous,
922 4783 961 4847 de
986 4805 1049 4869 qno
1072 4783 1186 4848 habui·

304 4915 375 4957 mus
398 4893 473 4956 XX.
499 4892 606 4956 soldos
630 4913 688 4977 pro
712 4898 915 4956 testamento.

366 5000 462 5064 VIII.
480 4999 562 5062 idus.
581 4999 672 5084 Ohjit
694 4998 811 5063 Petrus
836 4999 972 5063 clericus
995 4998 1188 5062 sabaudien·

305 5109 366 5190 sis,
391 5107 430 5170 de
455 5129 518 5192 quo
542 5106 713 5170 habuimus
737 5106 779 5170 X.
804 5106 911 5170 soldos
935 5107 1187 5170 bononenornm.

369 5215 427 5279 IV.
444 5214 526 5278 idus.
551 5212 642 5298 Objit
665 5213 819 5298 magister
843 5213 1010 5278 lohannes
1031 5213 1188 5298 anglicus,

305 5324 345 5388 de
370 5344 431 5408 quo
456 5322 627 5386 habuimus
650 5321 693 5386 X.
718 5321 825 5386 soldos
849 5322 1074 5408 imperialium.

368 5430 416 5493 Id.
446 5429 537 5516 Ohjit
568 5429 715 5495 dominus
746 5429 955 5494 Wuilielmus
979 5429 1019 5492 de
1041 5428 1189 5494 Eboraco

307 5539 462 5623 anglicus,
480 5538 520 5601 de
538 5559 600 5623 quo
617 5537 731 5602 habuit
747 5537 860 5601 domus
885 5538 988 5601 sancti
1012 5536 1190 5601 Salvatoris

305 5645 509 5732 palafredum
522 5644 572 5709 (l).
589 5643 856 5727 MOOXXXW,
874 5644 1049 5709 indictione
1065 5644 1143 5708 VII.

367 5752 461 5816 XIX.
492 5752 650 5816 kalendas
682 5751 884 5838 septembris.
910 5752 1001 5837 Objit
1035 5751 1190 5837 magister

304 5860 537 5942 Bernardinus‚
550 5859 591 5924 de
604 5881 667 5947 quo
683 5859 855 5924 habuimus
872 5860 1062 5946 psalterium
1077 5881 1188 5923 unum.

367 5967 496 6031 XVIII.
524 5965 692 6031 kalendas.
725 5966 814 6032 Obiit
844 5967 999 6053 magister
1029 5966 1189 6032 Ricardus

306 6075 462 6160 anglicus.

367 6182 446 6246 XII.
463 6181 631 6246 kalendas.
653 6182 745 6266 Objit
760 6182 966 6246 Bonaoursus
985 6182 1069 6244 filius
1087 6181 1189 6266 magi·

307 6290 365 6353 stri
388 6289 540 6374 Bulgari,
562 6289 617 6375 qui
640 6290 770 6375 reliquit
794 6291 885 6355 nobis
910 6291 1057 6355 braidam
1081 6312 1190 6355 unum.

371 6539 410 6603 (I)
431 6537 492 6590 Vid.
512 6537 557 6590 Du
577 6537 667 6606 Carpe
685 6539 717 6592 do
737 6539 819 6592 verbo
839 6540 1018 6593 Parararedr'.

2048 633 2122 703 287

1307 809 1401 874 VIII.
1419 809 1586 874 kalendas.
1604 810 1695 894 Ohjit
1718 808 1897 872 Ruiualdus
1921 808 2067 892 anglicus
2095 815 2127 872 et

1245 917 1449 981 fidelissimus
1474 916 1642 1001 coadjutor
1665 917 1798 981 ecclesie
1823 915 1925 980 sancti
1948 916 2081 980 Thome.

1308 1025 1367 1089 VI.
1391 1023 1559 1088 kalendas.
1585 1023 1675 1109 Ohjit
1699 1023 1873 1088 TederIens
1901 1023 2002 1088 frater
2025 1025 2126 1108 magi-

1247 1135 1305 1198 stri
1327 1134 1474 1220 BulgarI.
1550 1141 1553 1150 “

1309 1241 1374 1306 III.
1389 1243 1557 1307 kalendas.
1573 1242 1642 1306 Isto
1658 1242 1772 1306 eodem
1795 1241 1846 1305 die
1870 1241 1951 1326 objit
1974 1241 2128 1326 magister

1248 1349 1432 1435 Stephanus
1456 1349 1495 1415 de
1520 1356 1631 1415 sancto
1653 1350 1847 1434 Augustino,
1864 1349 1903 1414 dc
1928 1370 1990 1434 quo
2015 1349 2128 1413 habui-

1248 1479 1319 1520 mus
1342 1457 1417 1520 XX.
1440 1457 1540 1522 libras
1564 1457 1817 1522 bononenornm.

1310 1564 1355 1628 II.
1379 1563 1546 1628 kalendas.
1573 1565 1664 1650 Ohjit
1693 1563 1827 1628 Matillis
1859 1571 1961 1629 mater
1993 1563 2129 1628 Scffredi

1248 1671 1377 1756 anglici.

1578 1777 1797 1842 Sarrastras.

1311 1884 1369 1950 IV.
1386 1907 1498 1950 nonas.
1516 1885 1607 1970 Ohjit
1632 1885 1796 1949 Gilbertus
1818 1885 1857 1948 do
1874 1885 2073 1968 Norantona,
2091 1885 2130 1949 de

1249 2013 1313 2080 quo
1336 1993 1507 2058 habuimus
1531 1995 1571 2058 V.
1596 1993 1768 2058 bizauoios.

1311 2100 1374 2164 III.
1407 2122 1519 2165 nonas.
1551 2101 1642 2185 Ohjit
1673 2099 1858 2164 Wilielmus
1896 2100 2058 2185 anglicus,
2092 2101 2131 2164 de

1249 2228 1313 2294 quo
1337 2209 1509 2272 habuimus
1529 2208 1587 2273 IV.
1612 2208 1719 2273 soldos
1751 2208 1979 2293 sterlingorum
2003 2214 2035 2271 et
2057 2208 2129 2272 XL.

1247 2315 1355 2380 soldos
1378 2316 1631 2380 bononenornm.

1310 2421 1355 2487 H.
1381 2422 1462 2486 idus.
1494 2424 1590 2486 Anno
1623 2422 1753 2486 Domini
1784 2421 2014 2486 MOCXXXV.
2040 2422 2131 2507 Ohjit

1248 2529 1403 2614 magister
1426 2529 1619 2614 Rodnlphus
1644 2529 1800 2614 anglicus,
1817 2529 1857 2592 de
1874 2550 1936 2614 quo
1961 2529 2131 2594 habuImus

1248 2637 1312 2702 III.
1330 2637 1429 2701 libras
1450 2638 1703 2701 bononenornm.

1312 2745 1403 2831 Objit
1424 2745 1626 2809 doctissimus
1652 2743 1769 2808 Bosius
1793 2745 1950 2829 anglicus,
1973 2746 2132 2832 presbiter

1252 2851 1433 2917 Cardinalis
1450 2859 1559 2916 sancte
1574 2852 1768 2916 Potentisnc
1778 2851 1828 2934 (2),
1843 2873 1974 2916 romane
1986 2852 2131 2917 Ecclesia

1252 2959 1467 3042 Camerarius,
1493 2960 1665 3023 canonicus
1696 2965 1807 3024 sancte
1838 2959 1941 3023 Maria
1966 2960 2005 3023 de
2028 2959 2131 3024 Reno.

1312 3066 1361 3131 Id.
1386 3067 1478 3151 Objit
1500 3067 1654 3151 magister
1678 3067 1805 3149 Petrus,
1823 3088 1998 3131 convorsus
2022 3077 2132 3131 sancte

1250 3173 1353 3240 Maris
1377 3174 1409 3238 in
1434 3174 1546 3238 Portu.

1312 3281 1441 3347 XVIII.
1472 3281 1629 3345 kalendas
1661 3282 1810 3347 octobris.
1840 3281 1931 3367 Objit
1961 3282 2132 3368 Philippus

1250 3389 1290 3454 de
1314 3389 1456 3471 Irlanda,
1481 3389 1535 3474 qui
1563 3388 1700 3474 reliquid
1727 3389 1791 3455 III.
1815 3389 1922 3454 soldos
1946 3389 1985 3453 de
2009 3391 2133 3454 sterlini

1251 3497 1341 3583 operi
1364 3497 1467 3560 sancti
1490 3495 1624 3560 Thome.

1312 3603 1404 3667 XVI.
1412 3603 1579 3666 kalendas.
1590 3603 1681 3688 Ohjit
1692 3603 1892 3668 Bertrandus
1904 3605 2065 3691 Rostagni
2079 3627 2130 3669 ca·

1253 3711 1385 3775 nonious
1402 3711 1556 3792 Massilia,
1570 3732 1627 3796 pro
1645 3732 1708 3796 quo
1724 3711 1895 3775 habuimus
1906 3712 1977 3776 XL.
1992 3713 2109 3778 soldos.

1311 3818 1385 3882 XV.
1410 3818 1578 3882 kalendas.
1605 3818 1696 3902 Ohjit
1720 3819 1874 3904 magister
1899 3819 2105 3884 Guelfredns.

1311 3926 1353 3990 X.
1379 3925 1546 3989 kalendas.
1572 3925 1663 4009 Ohjit
1691 3927 1845 4011 magister
1874 3926 2055 4012 Rogorius,
2079 3928 2132 4013 qui

1250 4032 1327 4097 fecit
1349 4032 1419 4096 fieri
1442 4053 1559 4096 novam
1585 4033 1785 4118 sepulturam
1808 4033 1841 4096 in
1865 4033 2020 4098 cimiterio
2038 4055 2132 4098 noro.

1312 4139 1389 4204 VII.
1407 4139 1574 4204 kalendas.
1593 4139 1683 4225 Objit
1706 4139 1790 4204 nblo
1814 4139 1910 4225 Oigot
1926 4141 1965 4204 de
1982 4141 2133 4224 Francia,

1250 4247 1424 4312 canonIcus
1455 4247 1706 4331 suessionensis,
1730 4268 1788 4334 pro
1814 4269 1877 4333 quo
1901 4247 2073 4313 habuimus
2097 4271 2133 4312 u-

1250 4377 1328 4420 num
1352 4355 1506 4436 tabetnm,
1524 4363 1556 4418 et
1579 4355 1698 4418 lectum
1721 4376 1821 4418 unum
1844 4362 1877 4419 et
1892 4377 2020 4441 equum,
2038 4378 2134 4442 quem

1251 4463 1352 4527 frater
1382 4484 1459 4527 suus
1482 4461 1739 4527 Archidioconus
1771 4463 2003 4527 suessionensis
2035 4462 2132 4528 dedit.

1609 4569 1781 4634 Ocroasa.

1313 4678 1372 4743 IV.
1389 4699 1501 4742 nonas.
1526 4678 1622 4742 Anno
1646 4677 1778 4742 Domini
1793 4676 1941 4742 MCCVI.
1959 4678 2050 4764 Objit
2067 4702 2133 4742 ma·

1251 4785 1352 4872 gister
1375 4784 1558 4849 Benineesa
1580 4785 1734 4868 aretinus,
1751 4807 1808 4870 pro
1825 4785 1933 4848 anima
1949 4787 2041 4870 cnjus
2057 4786 2133 4850 XX.

1252 4892 1359 4958 soldos
1383 4893 1626 4957 bononenorum
1650 4892 1842 4978 accepimus.

1314 5000 1377 5064 III.
1403 5021 1514 5064 nonas.
1540 5000 1631 5084 Objit
1655 5000 1853 5086 Bulgarinus
1877 5001 1962 5065 lilius
1986 5003 2134 5087 uragistri

1251 5109 1399 5193 Bulgari.

1314 5216 1354 5281 V.
1380 5216 1461 5280 idus.
1486 5215 1582 5281 Anno
1606 5216 1737 5282 Domini
1760 5217 2013 5283 IIICLXXVIII.
2045 5219 2135 5302 Objit

1253 5325 1407 5410 magister
1430 5323 1573 5388 Jaoohus
1597 5331 1629 5390 ct
1652 5325 1765 5390 doctor
1788 5326 1907 5411 legum.

1315 5432 1408 5496 XVI.
1425 5432 1593 5496 kalendas.
1614 5433 1706 5518 Objit
1722 5454 1807 5518 mog.
1824 5434 1899 5519 Ugo
1916 5434 2133 5520 provincialis.

1315 5539 1376 5603 XI.
1391 5540 1557 5604 kalendas.
1571 5541 1666 5604 Prior
1682 5540 1835 5622 Ubertus,
1846 5541 2048 5606 decretorum
2061 5542 2134 5607 ‹loo-

1252 5653 1313 5730 tor,
1335 5649 1424 5712 stetit
1447 5648 1549 5712 tribus
1573 5649 1677 5733 annis,
1694 5655 1726 5713 et
1741 5649 1802 5713 fnit
1818 5648 2047 5736 posltlmodum
2068 5651 2134 5737 cpi-

1253 5775 1369 5841 scopus
1393 5755 1640 5820 concordiensis.

1313 5863 1357 5927 X.
1383 5863 1550 5927 kalendas.
1571 5863 1662 5948 Ohjit
1679 5865 1833 5949 magister
1849 5863 1923 5948 Ugo
1940 5864 1979 5928 de
1998 5864 2078 5946 Arli,
2096 5865 2134 5929 de

1253 5991 1316 6056 quo
1339 5970 1511 6034 habuimus
1535 5992 1633 6034 unam
1657 5971 1794 6034 cultram
1817 5971 1856 6035 de
1881 5972 2020 6037 zinnato.

1315 6077 1360 6142 II.
1393 6077 1560 6141 kalendas.
1594 6077 1685 6162 Ohjit
1719 6077 1878 6142 Vilelmus
1909 6079 1948 6142 dc
1982 6078 2135 6164 Agiloriis

1253 6185 1472 6268 massiliensis,
1497 6185 1597 6250 frater
1627 6193 1745 6268 noster,
1770 6208 1829 6272 pro
1859 6208 1922 6272 quo
1955 6188 2136 6273 accepimns

1253 6291 1329 6357 XX.
1354 6293 1472 6358 soldos.

1319 6546 1358 6611 (a)
1378 6545 1430 6597 sa.
