<?xml version="1.0" encoding="UTF-8"?>
<!DOCTYPE html PUBLIC "-//W3C//DTD XHTML 1.0 Transitional//EN"
    "http://www.w3.org/TR/xhtml1/DTD/xhtml1-transitional.dtd">
<html xmlns="http://www.w3.org/1999/xhtml" xml:lang="en" lang="en">
 <head>
  <title>
</title>
<meta http-equiv="Content-Type" content="text/html;charset=utf-8" />
  <meta name='ocr-system' content='tesseract 3.04.00' />
  <meta name='ocr-capabilities' content='ocr_page ocr_carea ocr_par ocr_line ocrx_word'/>
</head>
<body>
  <div class='ocr_page' id='page_1' title='image "./declarisarchigy00albigoog_0368.png"; bbox 0 0 5544 7750; ppageno 0'>
   <div class='ocr_carea' id='block_1_1' title="bbox 585 615 1656 686">
    <p class='ocr_par' dir='ltr' id='par_1_1' title="bbox 585 615 1656 686">
     <span class='ocr_line' id='line_1_1' title="bbox 585 615 1656 686; baseline -0.004 0"><span class='ocrx_word' id='word_1_1' title='bbox 585 615 659 686; x_wconf 85' lang='lat'>358</span> <span class='ocrx_word' id='word_1_2' title='bbox 1334 633 1447 684; x_wconf 76' lang='lat' dir='ltr'>vrrnn</span> <span class='ocrx_word' id='word_1_3' title='bbox 1476 633 1656 683; x_wconf 76' lang='lat' dir='ltr'>rnnnrrnn</span> 
     </span>
    </p>
   </div>
   <div class='ocr_carea' id='block_1_2' title="bbox 545 787 2447 6518">
    <p class='ocr_par' dir='ltr' id='par_1_2' title="bbox 580 787 2395 1014">
     <span class='ocr_line' id='line_1_2' title="bbox 580 787 2395 890; baseline -0.002 -26"><span class='ocrx_word' id='word_1_4' title='bbox 580 791 735 864; x_wconf 89' lang='lat' dir='ltr'>tinorum</span> <span class='ocrx_word' id='word_1_5' title='bbox 763 791 918 886; x_wconf 82' lang='lat' dir='ltr'>negociis</span> <span class='ocrx_word' id='word_1_6' title='bbox 949 791 1171 889; x_wconf 88' lang='lat' dir='ltr'>posthabitis,</span> <span class='ocrx_word' id='word_1_7' title='bbox 1191 790 1390 863; x_wconf 85' lang='lat' dir='ltr'>Bononiam</span> <span class='ocrx_word' id='word_1_8' title='bbox 1419 798 1597 862; x_wconf 89' lang='lat' dir='ltr'>maturato</span> <span class='ocrx_word' id='word_1_9' title='bbox 1627 790 1752 862; x_wconf 88' lang='lat' dir='ltr'>itinere</span> <span class='ocrx_word' id='word_1_10' title='bbox 1781 797 1932 890; x_wconf 75' lang='lat' dir='ltr'>repetat,</span> <span class='ocrx_word' id='word_1_11' title='bbox 1954 789 2047 885; x_wconf 95' lang='lat' dir='ltr'>quod</span> <span class='ocrx_word' id='word_1_12' title='bbox 2067 813 2152 860; x_wconf 86' lang='lat' dir='ltr'>sanc</span> <span class='ocrx_word' id='word_1_13' title='bbox 2173 788 2233 860; x_wconf 85' lang='lat' dir='ltr'>vix</span> <span class='ocrx_word' id='word_1_14' title='bbox 2253 787 2395 860; x_wconf 90' lang='lat' dir='ltr'>tandem</span> 
     </span>
     <span class='ocr_line' id='line_1_3' title="bbox 580 913 2154 1014; baseline -0.002 -25"><span class='ocrx_word' id='word_1_15' title='bbox 580 917 625 989; x_wconf 88' lang='lat' dir='ltr'>ab</span> <span class='ocrx_word' id='word_1_16' title='bbox 655 917 732 1014; x_wconf 90' lang='lat' dir='ltr'>ipso</span> <span class='ocrx_word' id='word_1_17' title='bbox 760 917 952 1014; x_wconf 87' lang='lat' dir='ltr'>impetrare</span> <span class='ocrx_word' id='word_1_18' title='bbox 983 917 1113 1014; x_wconf 91' lang='lat' dir='ltr'>potuit,</span> <span class='ocrx_word' id='word_1_19' title='bbox 1143 915 1205 1012; x_wconf 92' lang='lat' dir='ltr'>qui</span> <span class='ocrx_word' id='word_1_20' title='bbox 1231 916 1275 988; x_wconf 88' lang='lat' dir='ltr'>ad</span> <span class='ocrx_word' id='word_1_21' title='bbox 1305 939 1422 987; x_wconf 90' lang='lat' dir='ltr'>moras</span> <span class='ocrx_word' id='word_1_22' title='bbox 1451 915 1644 987; x_wconf 84' lang='lat' dir='ltr'>nectendas</span> <span class='ocrx_word' id='word_1_23' title='bbox 1673 913 1913 987; x_wconf 87' lang='lat' dir='ltr'>valetudinem</span> <span class='ocrx_word' id='word_1_24' title='bbox 1941 914 2154 988; x_wconf 88' lang='lat' dir='ltr'>affirmabat.</span> 
     </span>
    </p>

    <p class='ocr_par' dir='ltr' id='par_1_3' title="bbox 545 1039 2400 2738">
     <span class='ocr_line' id='line_1_4' title="bbox 686 1039 2395 1138; baseline -0.001 -25"><span class='ocrx_word' id='word_1_25' title='bbox 686 1041 774 1114; x_wconf 86' lang='lat' dir='ltr'>Post</span> <span class='ocrx_word' id='word_1_26' title='bbox 802 1040 923 1115; x_wconf 89' lang='lat' dir='ltr'>Latini</span> <span class='ocrx_word' id='word_1_27' title='bbox 950 1042 1161 1137; x_wconf 89' lang='lat' dir='ltr'>adventum,</span> <span class='ocrx_word' id='word_1_28' title='bbox 1191 1041 1301 1138; x_wconf 93' lang='lat' dir='ltr'>ipsius</span> <span class='ocrx_word' id='word_1_29' title='bbox 1336 1047 1371 1112; x_wconf 90' lang='lat' dir='ltr'>et</span> <span class='ocrx_word' id='word_1_30' title='bbox 1406 1039 1591 1112; x_wconf 91' lang='lat' dir='ltr'>Bertholdi</span> <span class='ocrx_word' id='word_1_31' title='bbox 1620 1039 1794 1112; x_wconf 90' lang='lat' dir='ltr'>industria</span> <span class='ocrx_word' id='word_1_32' title='bbox 1824 1040 1866 1112; x_wconf 91' lang='lat' dir='ltr'>de</span> <span class='ocrx_word' id='word_1_33' title='bbox 1895 1064 1982 1137; x_wconf 88' lang='lat' dir='ltr'>pace</span> <span class='ocrx_word' id='word_1_34' title='bbox 2012 1040 2231 1112; x_wconf 88' lang='lat' dir='ltr'>restituenda</span> <span class='ocrx_word' id='word_1_35' title='bbox 2267 1039 2395 1132; x_wconf 85' lang='lat' dir='ltr'>iterum</span> 
     </span>
     <span class='ocr_line' id='line_1_5' title="bbox 545 1157 2395 1263; baseline -0.001 -25"><span class='ocrx_word' id='word_1_36' title='bbox 545 1157 547 1162; x_wconf 41' lang='lat'><strong>¹</strong></span> <span class='ocrx_word' id='word_1_37' title='bbox 579 1167 729 1262; x_wconf 89' lang='lat' dir='ltr'>cogitari</span> <span class='ocrx_word' id='word_1_38' title='bbox 756 1174 931 1263; x_wconf 90' lang='lat' dir='ltr'>coeptum.</span> <span class='ocrx_word' id='word_1_39' title='bbox 954 1166 1001 1238; x_wconf 85' lang='lat' dir='ltr'>Et</span> <span class='ocrx_word' id='word_1_40' title='bbox 1029 1164 1170 1262; x_wconf 90' lang='lat' dir='ltr'>quidem</span> <span class='ocrx_word' id='word_1_41' title='bbox 1200 1175 1240 1237; x_wconf 90' lang='lat' dir='ltr'>ut</span> <span class='ocrx_word' id='word_1_42' title='bbox 1264 1189 1308 1237; x_wconf 87' lang='lat' dir='ltr'>ex</span> <span class='ocrx_word' id='word_1_43' title='bbox 1329 1164 1585 1238; x_wconf 85' lang='lat' dir='ltr'>Ghirardaccio</span> <span class='ocrx_word' id='word_1_44' title='bbox 1605 1163 1845 1260; x_wconf 87' lang='lat' dir='ltr'>intelligimus,</span> <span class='ocrx_word' id='word_1_45' title='bbox 1866 1165 2060 1238; x_wconf 87' lang='lat' dir='ltr'>Ravennae</span> <span class='ocrx_word' id='word_1_46' title='bbox 2081 1189 2144 1261; x_wconf 95' lang='lat' dir='ltr'>per</span> <span class='ocrx_word' id='word_1_47' title='bbox 2162 1163 2395 1237; x_wconf 92' lang='lat' dir='ltr'>Bertholdum</span> 
     </span>
     <span class='ocr_line' id='line_1_6' title="bbox 580 1288 2395 1387; baseline 0.001 -25"><span class='ocrx_word' id='word_1_48' title='bbox 580 1289 712 1363; x_wconf 90' lang='lat' dir='ltr'>indicto</span> <span class='ocrx_word' id='word_1_49' title='bbox 750 1289 907 1386; x_wconf 91' lang='lat' dir='ltr'>generali</span> <span class='ocrx_word' id='word_1_50' title='bbox 949 1299 1145 1384; x_wconf 88' lang='lat' dir='ltr'>conventu,</span> <span class='ocrx_word' id='word_1_51' title='bbox 1176 1289 1451 1363; x_wconf 91' lang='lat' dir='ltr'>Bononiensium</span> <span class='ocrx_word' id='word_1_52' title='bbox 1480 1289 1608 1383; x_wconf 80' lang='lat' dir='ltr'>Legati</span> <span class='ocrx_word' id='word_1_53' title='bbox 1636 1299 1671 1362; x_wconf 91' lang='lat' dir='ltr'>et</span> <span class='ocrx_word' id='word_1_54' title='bbox 1700 1289 1852 1386; x_wconf 87' lang='lat' dir='ltr'>partium</span> <span class='ocrx_word' id='word_1_55' title='bbox 1883 1289 2026 1386; x_wconf 86' lang='lat' dir='ltr'>Syndici</span> <span class='ocrx_word' id='word_1_56' title='bbox 2055 1297 2134 1387; x_wconf 89' lang='lat' dir='ltr'>post</span> <span class='ocrx_word' id='word_1_57' title='bbox 2164 1288 2274 1361; x_wconf 89' lang='lat' dir='ltr'>multa</span> <span class='ocrx_word' id='word_1_58' title='bbox 2302 1289 2395 1363; x_wconf 92' lang='lat' dir='ltr'>ultro</span> 
     </span>
     <span class='ocr_line' id='line_1_7' title="bbox 580 1413 2400 1512; baseline 0 -25"><span class='ocrx_word' id='word_1_59' title='bbox 580 1415 738 1512; x_wconf 86' lang='lat' dir='ltr'>citroque</span> <span class='ocrx_word' id='word_1_60' title='bbox 759 1416 969 1512; x_wconf 90' lang='lat' dir='ltr'>disceptata,</span> <span class='ocrx_word' id='word_1_61' title='bbox 990 1415 1176 1487; x_wconf 92' lang='lat' dir='ltr'>Bertholdi</span> <span class='ocrx_word' id='word_1_62' title='bbox 1205 1414 1427 1488; x_wconf 82' lang='lat' dir='ltr'>suasionibus</span> <span class='ocrx_word' id='word_1_63' title='bbox 1451 1415 1744 1510; x_wconf 89' lang='lat' dir='ltr'>acquiescendum</span> <span class='ocrx_word' id='word_1_64' title='bbox 1771 1415 1851 1510; x_wconf 90' lang='lat' dir='ltr'>rati,</span> <span class='ocrx_word' id='word_1_65' title='bbox 1873 1413 2060 1488; x_wconf 89' lang='lat' dir='ltr'>conciliata</span> <span class='ocrx_word' id='word_1_66' title='bbox 2088 1415 2203 1488; x_wconf 92' lang='lat' dir='ltr'>denuo</span> <span class='ocrx_word' id='word_1_67' title='bbox 2230 1439 2302 1511; x_wconf 84' lang='lat' dir='ltr'>pax</span> <span class='ocrx_word' id='word_1_68' title='bbox 2321 1425 2400 1511; x_wconf 70' lang='lat' dir='ltr'>est,</span> 
     </span>
     <span class='ocr_line' id='line_1_8' title="bbox 580 1539 2397 1637; baseline 0.001 -25"><span class='ocrx_word' id='word_1_69' title='bbox 580 1547 687 1636; x_wconf 88' lang='lat' dir='ltr'>atque</span> <span class='ocrx_word' id='word_1_70' title='bbox 717 1541 760 1614; x_wconf 88' lang='lat' dir='ltr'>ad</span> <span class='ocrx_word' id='word_1_71' title='bbox 792 1541 994 1614; x_wconf 87' lang='lat' dir='ltr'>retinendos</span> <span class='ocrx_word' id='word_1_72' title='bbox 1023 1539 1159 1612; x_wconf 84' lang='lat' dir='ltr'>facilius</span> <span class='ocrx_word' id='word_1_73' title='bbox 1190 1541 1224 1612; x_wconf 94' lang='lat' dir='ltr'>in</span> <span class='ocrx_word' id='word_1_74' title='bbox 1258 1539 1372 1613; x_wconf 92' lang='lat' dir='ltr'>officio</span> <span class='ocrx_word' id='word_1_75' title='bbox 1405 1539 1647 1613; x_wconf 89' lang='lat' dir='ltr'>Bononienses</span> <span class='ocrx_word' id='word_1_76' title='bbox 1676 1540 1781 1636; x_wconf 90' lang='lat' dir='ltr'>ipsos,</span> <span class='ocrx_word' id='word_1_77' title='bbox 1814 1540 1978 1637; x_wconf 89' lang='lat' dir='ltr'>imperati</span> <span class='ocrx_word' id='word_1_78' title='bbox 2006 1540 2145 1612; x_wconf 92' lang='lat' dir='ltr'>obsides</span> <span class='ocrx_word' id='word_1_79' title='bbox 2173 1565 2218 1611; x_wconf 86' lang='lat' dir='ltr'>ex</span> <span class='ocrx_word' id='word_1_80' title='bbox 2248 1548 2397 1637; x_wconf 89' lang='lat' dir='ltr'>utraque</span> 
     </span>
     <span class='ocr_line' id='line_1_9' title="bbox 580 1664 2396 1762; baseline -0.001 -25"><span class='ocrx_word' id='word_1_81' title='bbox 580 1665 826 1738; x_wconf 90' lang='lat' dir='ltr'>dissidentium</span> <span class='ocrx_word' id='word_1_82' title='bbox 855 1678 968 1762; x_wconf 89' lang='lat' dir='ltr'>parte.</span> <span class='ocrx_word' id='word_1_83' title='bbox 998 1665 1142 1738; x_wconf 85' lang='lat' dir='ltr'>Interea</span> <span class='ocrx_word' id='word_1_84' title='bbox 1170 1666 1254 1737; x_wconf 92' lang='lat' dir='ltr'>dum</span> <span class='ocrx_word' id='word_1_85' title='bbox 1283 1674 1402 1738; x_wconf 86' lang='lat' dir='ltr'>autem</span> <span class='ocrx_word' id='word_1_86' title='bbox 1430 1664 1484 1736; x_wconf 92' lang='lat' dir='ltr'>bis</span> <span class='ocrx_word' id='word_1_87' title='bbox 1513 1664 1666 1737; x_wconf 91' lang='lat' dir='ltr'>motibus</span> <span class='ocrx_word' id='word_1_88' title='bbox 1702 1665 1973 1762; x_wconf 88' lang='lat' dir='ltr'>componendis,</span> <span class='ocrx_word' id='word_1_89' title='bbox 2004 1665 2179 1761; x_wconf 88' lang='lat' dir='ltr'>rebusque</span> <span class='ocrx_word' id='word_1_90' title='bbox 2215 1665 2259 1737; x_wconf 87' lang='lat' dir='ltr'>ad</span> <span class='ocrx_word' id='word_1_91' title='bbox 2297 1679 2396 1738; x_wconf 89' lang='lat' dir='ltr'>tran-</span> 
     </span>
     <span class='ocr_line' id='line_1_10' title="bbox 581 1789 2397 1887; baseline 0.001 -26"><span class='ocrx_word' id='word_1_92' title='bbox 581 1790 790 1887; x_wconf 86' lang='lat' dir='ltr'>quillitatem</span> <span class='ocrx_word' id='word_1_93' title='bbox 821 1790 1029 1862; x_wconf 87' lang='lat' dir='ltr'>revocandis</span> <span class='ocrx_word' id='word_1_94' title='bbox 1059 1789 1240 1884; x_wconf 83' lang='lat' dir='ltr'>incumbit,</span> <span class='ocrx_word' id='word_1_95' title='bbox 1263 1814 1307 1862; x_wconf 88' lang='lat' dir='ltr'>en</span> <span class='ocrx_word' id='word_1_96' title='bbox 1325 1789 1491 1861; x_wconf 87' lang='lat' dir='ltr'>nuncium</span> <span class='ocrx_word' id='word_1_97' title='bbox 1522 1789 1564 1861; x_wconf 93' lang='lat' dir='ltr'>de</span> <span class='ocrx_word' id='word_1_98' title='bbox 1593 1789 1776 1886; x_wconf 89' lang='lat' dir='ltr'>repentina</span> <span class='ocrx_word' id='word_1_99' title='bbox 1807 1789 1989 1862; x_wconf 84' lang='lat' dir='ltr'>Pontificio</span> <span class='ocrx_word' id='word_1_100' title='bbox 2017 1798 2141 1884; x_wconf 88' lang='lat' dir='ltr'>morte,</span> <span class='ocrx_word' id='word_1_101' title='bbox 2163 1814 2231 1886; x_wconf 92' lang='lat' dir='ltr'>quo</span> <span class='ocrx_word' id='word_1_102' title='bbox 2256 1791 2397 1887; x_wconf 91' lang='lat' dir='ltr'>quidem</span> 
     </span>
     <span class='ocr_line' id='line_1_11' title="bbox 580 1913 2395 2012; baseline 0.001 -26"><span class='ocrx_word' id='word_1_103' title='bbox 580 1914 763 2011; x_wconf 89' lang='lat' dir='ltr'>perculsus</span> <span class='ocrx_word' id='word_1_104' title='bbox 793 1914 1020 1988; x_wconf 88' lang='lat' dir='ltr'>vehementer</span> <span class='ocrx_word' id='word_1_105' title='bbox 1048 1913 1276 2008; x_wconf 86' lang='lat' dir='ltr'>Bertholdus,</span> <span class='ocrx_word' id='word_1_106' title='bbox 1297 1939 1372 1986; x_wconf 91' lang='lat' dir='ltr'>rem</span> <span class='ocrx_word' id='word_1_107' title='bbox 1393 1939 1521 2009; x_wconf 89' lang='lat' dir='ltr'>magno</span> <span class='ocrx_word' id='word_1_108' title='bbox 1541 1915 1658 1986; x_wconf 89' lang='lat' dir='ltr'>animo</span> <span class='ocrx_word' id='word_1_109' title='bbox 1683 1939 1881 2011; x_wconf 86' lang='lat' dir='ltr'>magnaque</span> <span class='ocrx_word' id='word_1_110' title='bbox 1902 1914 2080 1987; x_wconf 78' lang='lat' dir='ltr'>felicitatis</span> <span class='ocrx_word' id='word_1_111' title='bbox 2099 1939 2161 2011; x_wconf 91' lang='lat' dir='ltr'>spe</span> <span class='ocrx_word' id='word_1_112' title='bbox 2182 1923 2395 2012; x_wconf 86' lang='lat' dir='ltr'>susceptam,</span> 
     </span>
     <span class='ocr_line' id='line_1_12' title="bbox 581 2039 2397 2137; baseline 0.001 -26"><span class='ocrx_word' id='word_1_113' title='bbox 581 2039 751 2137; x_wconf 88' lang='lat' dir='ltr'>perficere</span> <span class='ocrx_word' id='word_1_114' title='bbox 781 2065 799 2112; x_wconf 92' lang='lat' dir='ltr'>e</span> <span class='ocrx_word' id='word_1_115' title='bbox 828 2049 911 2113; x_wconf 83' lang='lat' dir='ltr'>voto</span> <span class='ocrx_word' id='word_1_116' title='bbox 940 2065 1010 2112; x_wconf 95' lang='lat' dir='ltr'>non</span> <span class='ocrx_word' id='word_1_117' title='bbox 1040 2041 1164 2137; x_wconf 88' lang='lat' dir='ltr'>potuit.</span> <span class='ocrx_word' id='word_1_118' title='bbox 1187 2039 1284 2111; x_wconf 89' lang='lat' dir='ltr'>Nihil</span> <span class='ocrx_word' id='word_1_119' title='bbox 1316 2048 1434 2112; x_wconf 88' lang='lat' dir='ltr'>tamen</span> <span class='ocrx_word' id='word_1_120' title='bbox 1464 2039 1575 2112; x_wconf 89' lang='lat' dir='ltr'>serius</span> <span class='ocrx_word' id='word_1_121' title='bbox 1603 2039 1791 2134; x_wconf 84' lang='lat' dir='ltr'>contigisse</span> <span class='ocrx_word' id='word_1_122' title='bbox 1815 2041 1953 2136; x_wconf 88' lang='lat' dir='ltr'>reperio</span> <span class='ocrx_word' id='word_1_123' title='bbox 1977 2040 2071 2136; x_wconf 94' lang='lat' dir='ltr'>quod</span> <span class='ocrx_word' id='word_1_124' title='bbox 2091 2041 2241 2112; x_wconf 88' lang='lat' dir='ltr'>maiores</span> <span class='ocrx_word' id='word_1_125' title='bbox 2261 2040 2397 2114; x_wconf 90' lang='lat' dir='ltr'>civitati</span> 
     </span>
     <span class='ocr_line' id='line_1_13' title="bbox 581 2163 2396 2262; baseline 0.001 -25"><span class='ocrx_word' id='word_1_126' title='bbox 581 2163 802 2238; x_wconf 86' lang='lat' dir='ltr'>calamitates</span> <span class='ocrx_word' id='word_1_127' title='bbox 831 2164 1003 2260; x_wconf 86' lang='lat' dir='ltr'>attulerit,</span> <span class='ocrx_word' id='word_1_128' title='bbox 1034 2173 1069 2237; x_wconf 87' lang='lat' dir='ltr'>et</span> <span class='ocrx_word' id='word_1_129' title='bbox 1098 2165 1246 2238; x_wconf 87' lang='lat' dir='ltr'>suffecto</span> <span class='ocrx_word' id='word_1_130' title='bbox 1275 2165 1310 2236; x_wconf 93' lang='lat' dir='ltr'>in</span> <span class='ocrx_word' id='word_1_131' title='bbox 1339 2163 1479 2236; x_wconf 88' lang='lat' dir='ltr'>Nicolai</span> <span class='ocrx_word' id='word_1_132' title='bbox 1507 2163 1622 2236; x_wconf 90' lang='lat' dir='ltr'>locum</span> <span class='ocrx_word' id='word_1_133' title='bbox 1650 2163 1807 2236; x_wconf 88' lang='lat' dir='ltr'>Martino</span> <span class='ocrx_word' id='word_1_134' title='bbox 1834 2165 1921 2260; x_wconf 70' lang='lat' dir='ltr'>Iu,</span> <span class='ocrx_word' id='word_1_135' title='bbox 1948 2189 1993 2236; x_wconf 89' lang='lat' dir='ltr'>ex</span> <span class='ocrx_word' id='word_1_136' title='bbox 2022 2165 2131 2262; x_wconf 93' lang='lat' dir='ltr'>ipsius</span> <span class='ocrx_word' id='word_1_137' title='bbox 2160 2164 2271 2238; x_wconf 92' lang='lat' dir='ltr'>literis</span> <span class='ocrx_word' id='word_1_138' title='bbox 2309 2190 2396 2262; x_wconf 91' lang='lat' dir='ltr'>quas</span> 
     </span>
     <span class='ocr_line' id='line_1_14' title="bbox 580 2271 2398 2387; baseline 0 -25"><span class='ocrx_word' id='word_1_139' title='bbox 580 2289 626 2362; x_wconf 91' lang='lat' dir='ltr'>ad</span> <span class='ocrx_word' id='word_1_140' title='bbox 655 2299 794 2363; x_wconf 90' lang='lat' dir='ltr'>nostros</span> <span class='ocrx_word' id='word_1_141' title='bbox 822 2291 1040 2387; x_wconf 87' lang='lat' dir='ltr'>perscripsit,</span> <span class='ocrx_word' id='word_1_142' title='bbox 1071 2289 1155 2361; x_wconf 95' lang='lat' dir='ltr'>illud</span> <span class='ocrx_word' id='word_1_143' title='bbox 1185 2288 1296 2362; x_wconf 90' lang='lat' dir='ltr'>simile</span> <span class='ocrx_word' id='word_1_144' title='bbox 1326 2289 1528 2362; x_wconf 89' lang='lat' dir='ltr'>coniicimus</span> <span class='ocrx_word' id='word_1_145' title='bbox 1557 2289 1676 2386; x_wconf 90' lang='lat' dir='ltr'>quieta</span> <span class='ocrx_word' id='word_1_146' title='bbox 1705 2290 1790 2362; x_wconf 88' lang='lat' dir='ltr'>satis</span> <span class='ocrx_word' id='word_1_147' title='bbox 1820 2299 1855 2362; x_wconf 91' lang='lat' dir='ltr'>et</span> <span class='ocrx_word' id='word_1_148' title='bbox 1883 2271 2085 2386; x_wconf 87' lang='lat' dir='ltr'>tranquilla,</span> <span class='ocrx_word' id='word_1_149' title='bbox 2116 2299 2220 2387; x_wconf 91' lang='lat' dir='ltr'>prout</span> <span class='ocrx_word' id='word_1_150' title='bbox 2258 2290 2398 2364; x_wconf 91' lang='lat' dir='ltr'>illorum</span> 
     </span>
     <span class='ocr_line' id='line_1_15' title="bbox 580 2414 2396 2513; baseline 0.001 -26"><span class='ocrx_word' id='word_1_151' title='bbox 580 2422 781 2512; x_wconf 89' lang='lat' dir='ltr'>temporum</span> <span class='ocrx_word' id='word_1_152' title='bbox 810 2414 964 2487; x_wconf 91' lang='lat' dir='ltr'>conditio</span> <span class='ocrx_word' id='word_1_153' title='bbox 992 2415 1085 2487; x_wconf 84' lang='lat' dir='ltr'>ferre</span> <span class='ocrx_word' id='word_1_154' title='bbox 1106 2422 1258 2512; x_wconf 86' lang='lat' dir='ltr'>poterat,</span> <span class='ocrx_word' id='word_1_155' title='bbox 1281 2415 1398 2488; x_wconf 86' lang='lat' dir='ltr'>omnia</span> <span class='ocrx_word' id='word_1_156' title='bbox 1418 2414 1474 2486; x_wconf 91' lang='lat' dir='ltr'>bic</span> <span class='ocrx_word' id='word_1_157' title='bbox 1494 2414 1613 2487; x_wconf 86' lang='lat' dir='ltr'>luisse.</span> <span class='ocrx_word' id='word_1_158' title='bbox 1636 2415 1703 2486; x_wconf 86' lang='lat' dir='ltr'>Sed</span> <span class='ocrx_word' id='word_1_159' title='bbox 1725 2415 1768 2486; x_wconf 91' lang='lat' dir='ltr'>de</span> <span class='ocrx_word' id='word_1_160' title='bbox 1787 2414 1842 2488; x_wconf 91' lang='lat' dir='ltr'>his</span> <span class='ocrx_word' id='word_1_161' title='bbox 1862 2415 1959 2510; x_wconf 89' lang='lat' dir='ltr'>satis,</span> <span class='ocrx_word' id='word_1_162' title='bbox 1980 2439 2070 2511; x_wconf 92' lang='lat' dir='ltr'>quae</span> <span class='ocrx_word' id='word_1_163' title='bbox 2094 2416 2161 2487; x_wconf 90' lang='lat' dir='ltr'>etsi</span> <span class='ocrx_word' id='word_1_164' title='bbox 2185 2415 2396 2513; x_wconf 87' lang='lat' dir='ltr'>scriptorum</span> 
     </span>
     <span class='ocr_line' id='line_1_16' title="bbox 580 2538 2396 2636; baseline 0.001 -24"><span class='ocrx_word' id='word_1_165' title='bbox 580 2549 783 2612; x_wconf 92' lang='lat' dir='ltr'>nostrorum</span> <span class='ocrx_word' id='word_1_166' title='bbox 812 2539 993 2613; x_wconf 88' lang='lat' dir='ltr'>declarata</span> <span class='ocrx_word' id='word_1_167' title='bbox 1022 2540 1243 2612; x_wconf 89' lang='lat' dir='ltr'>sermonibus</span> <span class='ocrx_word' id='word_1_168' title='bbox 1271 2539 1493 2635; x_wconf 88' lang='lat' dir='ltr'>illustranda,</span> <span class='ocrx_word' id='word_1_169' title='bbox 1514 2548 1633 2612; x_wconf 90' lang='lat' dir='ltr'>tamen</span> <span class='ocrx_word' id='word_1_170' title='bbox 1657 2538 1776 2635; x_wconf 87' lang='lat' dir='ltr'>aliqua</span> <span class='ocrx_word' id='word_1_171' title='bbox 1802 2564 1848 2612; x_wconf 86' lang='lat' dir='ltr'>ex</span> <span class='ocrx_word' id='word_1_172' title='bbox 1876 2551 1976 2636; x_wconf 87' lang='lat' dir='ltr'>parte</span> <span class='ocrx_word' id='word_1_173' title='bbox 2006 2540 2171 2613; x_wconf 87' lang='lat' dir='ltr'>duximus</span> <span class='ocrx_word' id='word_1_174' title='bbox 2195 2551 2301 2614; x_wconf 88' lang='lat' dir='ltr'>antea</span> <span class='ocrx_word' id='word_1_175' title='bbox 2322 2566 2396 2613; x_wconf 92' lang='lat' dir='ltr'>mo·</span> 
     </span>
     <span class='ocr_line' id='line_1_17' title="bbox 580 2665 1041 2738; baseline 0 0"><span class='ocrx_word' id='word_1_176' title='bbox 580 2665 759 2738; x_wconf 89' lang='lat' dir='ltr'>numentis</span> <span class='ocrx_word' id='word_1_177' title='bbox 788 2665 1041 2738; x_wconf 88' lang='lat' dir='ltr'>confirmanda.</span> 
     </span>
    </p>

    <p class='ocr_par' dir='ltr' id='par_1_4' title="bbox 576 2789 2447 6518">
     <span class='ocr_line' id='line_1_18' title="bbox 620 2789 2394 2888; baseline 0.002 -25"><span class='ocrx_word' id='word_1_178' title='bbox 620 2809 622 2814; x_wconf 80' lang='grc'>’</span> <span class='ocrx_word' id='word_1_179' title='bbox 686 2791 754 2864; x_wconf 94' lang='lat' dir='ltr'>His</span> <span class='ocrx_word' id='word_1_180' title='bbox 783 2815 889 2888; x_wconf 94' lang='lat' dir='ltr'>porro</span> <span class='ocrx_word' id='word_1_181' title='bbox 918 2790 1065 2887; x_wconf 89' lang='lat' dir='ltr'>aliisque</span> <span class='ocrx_word' id='word_1_182' title='bbox 1094 2791 1182 2862; x_wconf 93' lang='lat' dir='ltr'>bene</span> <span class='ocrx_word' id='word_1_183' title='bbox 1212 2789 1331 2864; x_wconf 89' lang='lat' dir='ltr'>multis</span> <span class='ocrx_word' id='word_1_184' title='bbox 1359 2791 1583 2886; x_wconf 87' lang='lat' dir='ltr'>gravioribus</span> <span class='ocrx_word' id='word_1_185' title='bbox 1606 2790 1821 2888; x_wconf 88' lang='lat' dir='ltr'>reipublicae</span> <span class='ocrx_word' id='word_1_186' title='bbox 1849 2799 1992 2864; x_wconf 88' lang='lat' dir='ltr'>nostrae</span> <span class='ocrx_word' id='word_1_187' title='bbox 2018 2792 2173 2886; x_wconf 86' lang='lat' dir='ltr'>negociis</span> <span class='ocrx_word' id='word_1_188' title='bbox 2191 2792 2394 2866; x_wconf 85' lang='lat' dir='ltr'>interfuisse</span> 
     </span>
     <span class='ocr_line' id='line_1_19' title="bbox 582 2915 2396 3015; baseline 0.001 -26"><span class='ocrx_word' id='word_1_189' title='bbox 582 2915 784 2989; x_wconf 84' lang='lat' dir='ltr'>Gallucium</span> <span class='ocrx_word' id='word_1_190' title='bbox 812 2925 973 2988; x_wconf 92' lang='lat' dir='ltr'>nostrum</span> <span class='ocrx_word' id='word_1_191' title='bbox 1003 2941 1048 2988; x_wconf 92' lang='lat' dir='ltr'>ex</span> <span class='ocrx_word' id='word_1_192' title='bbox 1078 2915 1226 3012; x_wconf 92' lang='lat' dir='ltr'>publicis</span> <span class='ocrx_word' id='word_1_193' title='bbox 1255 2917 1329 2988; x_wconf 95' lang='lat' dir='ltr'>eius</span> <span class='ocrx_word' id='word_1_194' title='bbox 1358 2917 1437 2989; x_wconf 91' lang='lat' dir='ltr'>aevi</span> <span class='ocrx_word' id='word_1_195' title='bbox 1465 2917 1602 2989; x_wconf 89' lang='lat' dir='ltr'>actibus</span> <span class='ocrx_word' id='word_1_196' title='bbox 1630 2925 1785 3011; x_wconf 85' lang='lat' dir='ltr'>constat,</span> <span class='ocrx_word' id='word_1_197' title='bbox 1815 2924 1851 2988; x_wconf 92' lang='lat' dir='ltr'>et</span> <span class='ocrx_word' id='word_1_198' title='bbox 1879 2916 1913 2987; x_wconf 92' lang='lat' dir='ltr'>in</span> <span class='ocrx_word' id='word_1_199' title='bbox 1943 2917 2064 3012; x_wconf 86' lang='lat' dir='ltr'>primis</span> <span class='ocrx_word' id='word_1_200' title='bbox 2093 2941 2188 3012; x_wconf 86' lang='lat' dir='ltr'>cum,</span> <span class='ocrx_word' id='word_1_201' title='bbox 2220 2925 2259 2990; x_wconf 92' lang='lat' dir='ltr'>ut</span> <span class='ocrx_word' id='word_1_202' title='bbox 2288 2943 2396 3015; x_wconf 90' lang='lat' dir='ltr'>supra</span> 
     </span>
     <span class='ocr_line' id='line_1_20' title="bbox 581 3039 2396 3138; baseline 0.002 -25"><span class='ocrx_word' id='word_1_203' title='bbox 581 3041 747 3137; x_wconf 86' lang='lat' dir='ltr'>diximus,</span> <span class='ocrx_word' id='word_1_204' title='bbox 770 3041 909 3114; x_wconf 91' lang='lat' dir='ltr'>obsides</span> <span class='ocrx_word' id='word_1_205' title='bbox 933 3041 1070 3138; x_wconf 87' lang='lat' dir='ltr'>accepit</span> <span class='ocrx_word' id='word_1_206' title='bbox 1098 3039 1323 3113; x_wconf 91' lang='lat' dir='ltr'>Bertholdus.</span> <span class='ocrx_word' id='word_1_207' title='bbox 1353 3041 1480 3138; x_wconf 86' lang='lat' dir='ltr'>ltaque</span> <span class='ocrx_word' id='word_1_208' title='bbox 1511 3066 1589 3114; x_wconf 88' lang='lat' dir='ltr'>oum</span> <span class='ocrx_word' id='word_1_209' title='bbox 1620 3066 1682 3138; x_wconf 90' lang='lat' dir='ltr'>per</span> <span class='ocrx_word' id='word_1_210' title='bbox 1712 3067 1754 3114; x_wconf 90' lang='lat' dir='ltr'>ea</span> <span class='ocrx_word' id='word_1_211' title='bbox 1782 3051 1944 3137; x_wconf 89' lang='lat' dir='ltr'>tempora</span> <span class='ocrx_word' id='word_1_212' title='bbox 1972 3042 2088 3114; x_wconf 90' lang='lat' dir='ltr'>omnia</span> <span class='ocrx_word' id='word_1_213' title='bbox 2115 3043 2149 3114; x_wconf 93' lang='lat' dir='ltr'>in</span> <span class='ocrx_word' id='word_1_214' title='bbox 2170 3043 2313 3115; x_wconf 84' lang='lat' dir='ltr'>civitate</span> <span class='ocrx_word' id='word_1_215' title='bbox 2333 3067 2396 3116; x_wconf 95' lang='lat' dir='ltr'>no·</span> 
     </span>
     <span class='ocr_line' id='line_1_21' title="bbox 580 3166 2398 3264; baseline 0.001 -25"><span class='ocrx_word' id='word_1_216' title='bbox 580 3173 655 3239; x_wconf 91' lang='lat' dir='ltr'>stra</span> <span class='ocrx_word' id='word_1_217' title='bbox 683 3167 893 3263; x_wconf 90' lang='lat' dir='ltr'>perturbata</span> <span class='ocrx_word' id='word_1_218' title='bbox 921 3190 1136 3263; x_wconf 91' lang='lat' dir='ltr'>magnopere</span> <span class='ocrx_word' id='word_1_219' title='bbox 1165 3174 1294 3262; x_wconf 89' lang='lat' dir='ltr'>essent,</span> <span class='ocrx_word' id='word_1_220' title='bbox 1325 3166 1538 3263; x_wconf 89' lang='lat' dir='ltr'>optimarum</span> <span class='ocrx_word' id='word_1_221' title='bbox 1567 3167 1697 3240; x_wconf 91' lang='lat' dir='ltr'>artium</span> <span class='ocrx_word' id='word_1_222' title='bbox 1726 3167 1862 3262; x_wconf 87' lang='lat' dir='ltr'>studiis,</span> <span class='ocrx_word' id='word_1_223' title='bbox 1886 3189 1976 3262; x_wconf 89' lang='lat' dir='ltr'>quae</span> <span class='ocrx_word' id='word_1_224' title='bbox 2004 3177 2257 3264; x_wconf 89' lang='lat' dir='ltr'>praeparatum</span> <span class='ocrx_word' id='word_1_225' title='bbox 2287 3168 2398 3242; x_wconf 90' lang='lat' dir='ltr'>otium</span> 
     </span>
     <span class='ocr_line' id='line_1_22' title="bbox 580 3291 2397 3390; baseline 0.001 -26"><span class='ocrx_word' id='word_1_226' title='bbox 580 3300 743 3388; x_wconf 88' lang='lat' dir='ltr'>poscunt,</span> <span class='ocrx_word' id='word_1_227' title='bbox 765 3291 826 3362; x_wconf 86' lang='lat' dir='ltr'>vix</span> <span class='ocrx_word' id='word_1_228' title='bbox 849 3291 947 3363; x_wconf 90' lang='lat' dir='ltr'>locus</span> <span class='ocrx_word' id='word_1_229' title='bbox 976 3315 1051 3363; x_wconf 89' lang='lat' dir='ltr'>esse</span> <span class='ocrx_word' id='word_1_230' title='bbox 1081 3298 1232 3388; x_wconf 90' lang='lat' dir='ltr'>poterat.</span> <span class='ocrx_word' id='word_1_231' title='bbox 1264 3291 1383 3388; x_wconf 80' lang='lat' dir='ltr'>Atque</span> <span class='ocrx_word' id='word_1_232' title='bbox 1417 3292 1543 3364; x_wconf 86' lang='lat' dir='ltr'>iccirco</span> <span class='ocrx_word' id='word_1_233' title='bbox 1572 3293 1700 3364; x_wconf 87' lang='lat' dir='ltr'>mirum</span> <span class='ocrx_word' id='word_1_234' title='bbox 1728 3315 1804 3364; x_wconf 89' lang='lat' dir='ltr'>esse</span> <span class='ocrx_word' id='word_1_235' title='bbox 1833 3317 1902 3364; x_wconf 92' lang='lat' dir='ltr'>nou</span> <span class='ocrx_word' id='word_1_236' title='bbox 1932 3300 2049 3388; x_wconf 89' lang='lat' dir='ltr'>potest</span> <span class='ocrx_word' id='word_1_237' title='bbox 2077 3291 2106 3364; x_wconf 90' lang='lat' dir='ltr'>si</span> <span class='ocrx_word' id='word_1_238' title='bbox 2134 3291 2190 3364; x_wconf 85' lang='lat' dir='ltr'>vel</span> <span class='ocrx_word' id='word_1_239' title='bbox 2219 3293 2242 3364; x_wconf 91' lang='lat' dir='ltr'>ii</span> <span class='ocrx_word' id='word_1_240' title='bbox 2270 3294 2397 3390; x_wconf 92' lang='lat' dir='ltr'>quibus</span> 
     </span>
     <span class='ocr_line' id='line_1_23' title="bbox 580 3415 2395 3519; baseline 0.003 -31"><span class='ocrx_word' id='word_1_241' title='bbox 580 3417 624 3488; x_wconf 89' lang='lat' dir='ltr'>ab</span> <span class='ocrx_word' id='word_1_242' title='bbox 654 3417 794 3512; x_wconf 89' lang='lat' dir='ltr'>ingenio</span> <span class='ocrx_word' id='word_1_243' title='bbox 824 3424 859 3488; x_wconf 92' lang='lat' dir='ltr'>et</span> <span class='ocrx_word' id='word_1_244' title='bbox 888 3415 1049 3488; x_wconf 90' lang='lat' dir='ltr'>doctrina</span> <span class='ocrx_word' id='word_1_245' title='bbox 1077 3424 1217 3512; x_wconf 88' lang='lat' dir='ltr'>promta</span> <span class='ocrx_word' id='word_1_246' title='bbox 1245 3417 1362 3489; x_wconf 90' lang='lat' dir='ltr'>omnia</span> <span class='ocrx_word' id='word_1_247' title='bbox 1391 3425 1425 3488; x_wconf 92' lang='lat' dir='ltr'>et</span> <span class='ocrx_word' id='word_1_248' title='bbox 1455 3425 1582 3514; x_wconf 88' lang='lat' dir='ltr'>parata</span> <span class='ocrx_word' id='word_1_249' title='bbox 1610 3427 1712 3489; x_wconf 88' lang='lat' dir='ltr'>erant</span> <span class='ocrx_word' id='word_1_250' title='bbox 1741 3417 1785 3489; x_wconf 89' lang='lat' dir='ltr'>ad</span> <span class='ocrx_word' id='word_1_251' title='bbox 1811 3417 1964 3514; x_wconf 89' lang='lat' dir='ltr'>patriam</span> <span class='ocrx_word' id='word_1_252' title='bbox 1984 3417 2215 3519; x_wconf 81' lang='lat' dir='ltr'>Academiam</span> <span class='ocrx_word' id='word_1_253' title='bbox 2236 3429 2271 3490; x_wconf 89' lang='lat' dir='ltr'>et</span> <span class='ocrx_word' id='word_1_254' title='bbox 2291 3420 2395 3493; x_wconf 90' lang='lat' dir='ltr'>deco-</span> 
     </span>
     <span class='ocr_line' id='line_1_24' title="bbox 580 3540 2394 3640; baseline 0.003 -29"><span class='ocrx_word' id='word_1_255' title='bbox 580 3541 729 3614; x_wconf 91' lang='lat' dir='ltr'>randam</span> <span class='ocrx_word' id='word_1_256' title='bbox 749 3549 785 3613; x_wconf 89' lang='lat' dir='ltr'>et</span> <span class='ocrx_word' id='word_1_257' title='bbox 804 3540 1088 3638; x_wconf 89' lang='lat' dir='ltr'>amplificandam</span> <span class='ocrx_word' id='word_1_258' title='bbox 1108 3541 1151 3612; x_wconf 93' lang='lat' dir='ltr'>de</span> <span class='ocrx_word' id='word_1_259' title='bbox 1170 3540 1319 3638; x_wconf 91' lang='lat' dir='ltr'>publicis</span> <span class='ocrx_word' id='word_1_260' title='bbox 1339 3541 1455 3637; x_wconf 92' lang='lat' dir='ltr'>potius</span> <span class='ocrx_word' id='word_1_261' title='bbox 1475 3540 1737 3614; x_wconf 89' lang='lat' dir='ltr'>calamitatibus</span> <span class='ocrx_word' id='word_1_262' title='bbox 1757 3541 1971 3636; x_wconf 88' lang='lat' dir='ltr'>avertendis,</span> <span class='ocrx_word' id='word_1_263' title='bbox 1988 3551 2050 3614; x_wconf 91' lang='lat' dir='ltr'>aut</span> <span class='ocrx_word' id='word_1_264' title='bbox 2070 3550 2165 3614; x_wconf 89' lang='lat' dir='ltr'>certe</span> <span class='ocrx_word' id='word_1_265' title='bbox 2185 3543 2394 3640; x_wconf 88' lang='lat' dir='ltr'>minuendis,</span> 
     </span>
     <span class='ocr_line' id='line_1_25' title="bbox 580 3667 2398 3765; baseline 0.003 -27"><span class='ocrx_word' id='word_1_266' title='bbox 580 3667 786 3762; x_wconf 89' lang='lat' dir='ltr'>cogitabant</span> <span class='ocrx_word' id='word_1_267' title='bbox 816 3667 850 3738; x_wconf 94' lang='lat' dir='ltr'>in</span> <span class='ocrx_word' id='word_1_268' title='bbox 879 3691 1027 3763; x_wconf 88' lang='lat' dir='ltr'>eamque</span> <span class='ocrx_word' id='word_1_269' title='bbox 1057 3691 1178 3740; x_wconf 87' lang='lat' dir='ltr'>curam</span> <span class='ocrx_word' id='word_1_270' title='bbox 1209 3692 1337 3761; x_wconf 88' lang='lat' dir='ltr'>magno</span> <span class='ocrx_word' id='word_1_271' title='bbox 1366 3668 1482 3740; x_wconf 90' lang='lat' dir='ltr'>studio</span> <span class='ocrx_word' id='word_1_272' title='bbox 1510 3668 1713 3741; x_wconf 88' lang='lat' dir='ltr'>incumbere</span> <span class='ocrx_word' id='word_1_273' title='bbox 1743 3669 1875 3765; x_wconf 92' lang='lat' dir='ltr'>optimo</span> <span class='ocrx_word' id='word_1_274' title='bbox 1905 3668 1981 3740; x_wconf 91' lang='lat' dir='ltr'>cive</span> <span class='ocrx_word' id='word_1_275' title='bbox 2011 3669 2255 3763; x_wconf 87' lang='lat' dir='ltr'>dignissimum</span> <span class='ocrx_word' id='word_1_276' title='bbox 2276 3671 2398 3743; x_wconf 86' lang='lat' dir='ltr'>existi·</span> 
     </span>
     <span class='ocr_line' id='line_1_26' title="bbox 581 3790 2399 3888; baseline 0.003 -25"><span class='ocrx_word' id='word_1_277' title='bbox 581 3793 738 3864; x_wconf 89' lang='lat' dir='ltr'>mabant.</span> <span class='ocrx_word' id='word_1_278' title='bbox 768 3792 868 3865; x_wconf 88' lang='lat' dir='ltr'>Inter</span> <span class='ocrx_word' id='word_1_279' title='bbox 896 3815 956 3865; x_wconf 91' lang='lat' dir='ltr'>eos</span> <span class='ocrx_word' id='word_1_280' title='bbox 986 3790 1152 3864; x_wconf 87' lang='lat' dir='ltr'>excelluit</span> <span class='ocrx_word' id='word_1_281' title='bbox 1181 3816 1265 3864; x_wconf 91' lang='lat' dir='ltr'>sane</span> <span class='ocrx_word' id='word_1_282' title='bbox 1290 3790 1473 3865; x_wconf 86' lang='lat' dir='ltr'>Gallucius</span> <span class='ocrx_word' id='word_1_283' title='bbox 1493 3801 1624 3888; x_wconf 91' lang='lat' dir='ltr'>noster,</span> <span class='ocrx_word' id='word_1_284' title='bbox 1647 3793 1745 3865; x_wconf 89' lang='lat' dir='ltr'>ouius</span> <span class='ocrx_word' id='word_1_285' title='bbox 1775 3792 1987 3865; x_wconf 89' lang='lat' dir='ltr'>auctoritate</span> <span class='ocrx_word' id='word_1_286' title='bbox 2016 3801 2051 3864; x_wconf 90' lang='lat' dir='ltr'>et</span> <span class='ocrx_word' id='word_1_287' title='bbox 2080 3793 2224 3866; x_wconf 92' lang='lat' dir='ltr'>consilio</span> <span class='ocrx_word' id='word_1_288' title='bbox 2253 3819 2317 3868; x_wconf 87' lang='lat' dir='ltr'>usa</span> <span class='ocrx_word' id='word_1_289' title='bbox 2345 3805 2399 3868; x_wconf 86' lang='lat' dir='ltr'>est</span> 
     </span>
     <span class='ocr_line' id='line_1_27' title="bbox 581 3917 2399 4017; baseline 0.002 -26"><span class='ocrx_word' id='word_1_290' title='bbox 581 3942 836 4015; x_wconf 87' lang='lat' dir='ltr'>saepenumero</span> <span class='ocrx_word' id='word_1_291' title='bbox 865 3918 990 3990; x_wconf 91' lang='lat' dir='ltr'>civitas</span> <span class='ocrx_word' id='word_1_292' title='bbox 1020 3925 1163 4013; x_wconf 87' lang='lat' dir='ltr'>nostra,</span> <span class='ocrx_word' id='word_1_293' title='bbox 1195 3919 1251 3989; x_wconf 92' lang='lat' dir='ltr'>cui</span> <span class='ocrx_word' id='word_1_294' title='bbox 1279 3928 1375 3990; x_wconf 90' lang='lat' dir='ltr'>certe</span> <span class='ocrx_word' id='word_1_295' title='bbox 1412 3919 1446 3990; x_wconf 93' lang='lat' dir='ltr'>in</span> <span class='ocrx_word' id='word_1_296' title='bbox 1482 3919 1656 3992; x_wconf 87' lang='lat' dir='ltr'>maximas</span> <span class='ocrx_word' id='word_1_297' title='bbox 1695 3918 1877 4014; x_wconf 89' lang='lat' dir='ltr'>angustias</span> <span class='ocrx_word' id='word_1_298' title='bbox 1912 3919 2089 3992; x_wconf 88' lang='lat' dir='ltr'>cruciatae</span> <span class='ocrx_word' id='word_1_299' title='bbox 2117 3917 2213 3992; x_wconf 93' lang='lat' dir='ltr'>nullo</span> <span class='ocrx_word' id='word_1_300' title='bbox 2242 3945 2399 4017; x_wconf 89' lang='lat' dir='ltr'>unquam</span> 
     </span>
     <span class='ocr_line' id='line_1_28' title="bbox 580 4042 2397 4140; baseline 0.003 -25"><span class='ocrx_word' id='word_1_301' title='bbox 580 4050 739 4140; x_wconf 89' lang='lat' dir='ltr'>ternpore</span> <span class='ocrx_word' id='word_1_302' title='bbox 769 4043 892 4116; x_wconf 85' lang='lat' dir='ltr'>deluit.</span> <span class='ocrx_word' id='word_1_303' title='bbox 923 4042 1050 4140; x_wconf 87' lang='lat' dir='ltr'>Neque</span> <span class='ocrx_word' id='word_1_304' title='bbox 1080 4052 1198 4115; x_wconf 87' lang='lat' dir='ltr'>tamen</span> <span class='ocrx_word' id='word_1_305' title='bbox 1226 4043 1320 4115; x_wconf 86' lang='lat' dir='ltr'>inter</span> <span class='ocrx_word' id='word_1_306' title='bbox 1347 4043 1436 4115; x_wconf 94' lang='lat' dir='ltr'>haec</span> <span class='ocrx_word' id='word_1_307' title='bbox 1464 4043 1582 4138; x_wconf 91' lang='lat' dir='ltr'>legum</span> <span class='ocrx_word' id='word_1_308' title='bbox 1610 4044 1727 4116; x_wconf 88' lang='lat' dir='ltr'>studia</span> <span class='ocrx_word' id='word_1_309' title='bbox 1757 4044 1898 4116; x_wconf 88' lang='lat' dir='ltr'>omnino</span> <span class='ocrx_word' id='word_1_310' title='bbox 1921 4043 2087 4116; x_wconf 88' lang='lat' dir='ltr'>deseruit.</span> <span class='ocrx_word' id='word_1_311' title='bbox 2110 4043 2199 4116; x_wconf 86' lang='lat' dir='ltr'>Cum</span> <span class='ocrx_word' id='word_1_312' title='bbox 2220 4046 2312 4118; x_wconf 87' lang='lat' dir='ltr'>eninr</span> <span class='ocrx_word' id='word_1_313' title='bbox 2332 4048 2397 4120; x_wconf 93' lang='lat' dir='ltr'>sub</span> 
     </span>
     <span class='ocr_line' id='line_1_29' title="bbox 577 4167 2399 4264; baseline 0.002 -24"><span class='ocrx_word' id='word_1_314' title='bbox 577 4167 678 4241; x_wconf 87' lang='lat' dir='ltr'>initia</span> <span class='ocrx_word' id='word_1_315' title='bbox 711 4167 845 4241; x_wconf 90' lang='lat' dir='ltr'>saeculi</span> <span class='ocrx_word' id='word_1_316' title='bbox 876 4168 1005 4264; x_wconf 62' lang='lat' dir='ltr'>xlv,</span> <span class='ocrx_word' id='word_1_317' title='bbox 1035 4168 1201 4240; x_wconf 89' lang='lat' dir='ltr'>nimirum</span> <span class='ocrx_word' id='word_1_318' title='bbox 1230 4193 1322 4240; x_wconf 91' lang='lat' dir='ltr'>anno</span> <span class='ocrx_word' id='word_1_319' title='bbox 1350 4167 1571 4264; x_wconf 54' lang='lat' dir='ltr'>MCOOIV,</span> <span class='ocrx_word' id='word_1_320' title='bbox 1602 4169 1806 4241; x_wconf 91' lang='lat' dir='ltr'>doctoratus</span> <span class='ocrx_word' id='word_1_321' title='bbox 1837 4170 2008 4241; x_wconf 92' lang='lat' dir='ltr'>bonorem</span> <span class='ocrx_word' id='word_1_322' title='bbox 2044 4193 2112 4241; x_wconf 94' lang='lat' dir='ltr'>una</span> <span class='ocrx_word' id='word_1_323' title='bbox 2142 4193 2222 4241; x_wconf 92' lang='lat' dir='ltr'>cum</span> <span class='ocrx_word' id='word_1_324' title='bbox 2250 4170 2328 4243; x_wconf 90' lang='lat' dir='ltr'>aliis</span> <span class='ocrx_word' id='word_1_325' title='bbox 2356 4172 2399 4244; x_wconf 89' lang='lat' dir='ltr'>de</span> 
     </span>
     <span class='ocr_line' id='line_1_30' title="bbox 578 4293 2399 4392; baseline 0.002 -26"><span class='ocrx_word' id='word_1_326' title='bbox 578 4295 705 4391; x_wconf 89' lang='lat' dir='ltr'>quibus</span> <span class='ocrx_word' id='word_1_327' title='bbox 734 4319 842 4392; x_wconf 88' lang='lat' dir='ltr'>supra</span> <span class='ocrx_word' id='word_1_328' title='bbox 870 4295 938 4366; x_wconf 92' lang='lat' dir='ltr'>sibi</span> <span class='ocrx_word' id='word_1_329' title='bbox 957 4295 1088 4367; x_wconf 82' lang='lat' dir='ltr'>deferri</span> <span class='ocrx_word' id='word_1_330' title='bbox 1107 4295 1279 4391; x_wconf 89' lang='lat' dir='ltr'>petiisset,</span> <span class='ocrx_word' id='word_1_331' title='bbox 1301 4293 1424 4366; x_wconf 91' lang='lat' dir='ltr'>eodem</span> <span class='ocrx_word' id='word_1_332' title='bbox 1444 4295 1577 4392; x_wconf 81' lang='lat' dir='ltr'>privari</span> <span class='ocrx_word' id='word_1_333' title='bbox 1606 4319 1643 4368; x_wconf 91' lang='lat' dir='ltr'>se</span> <span class='ocrx_word' id='word_1_334' title='bbox 1672 4295 1829 4367; x_wconf 91' lang='lat' dir='ltr'>eiusdem</span> <span class='ocrx_word' id='word_1_335' title='bbox 1858 4303 1893 4368; x_wconf 90' lang='lat' dir='ltr'>et</span> <span class='ocrx_word' id='word_1_336' title='bbox 1921 4294 2124 4392; x_wconf 88' lang='lat' dir='ltr'>postulandi</span> <span class='ocrx_word' id='word_1_337' title='bbox 2153 4306 2188 4368; x_wconf 88' lang='lat' dir='ltr'>et</span> <span class='ocrx_word' id='word_1_338' title='bbox 2217 4297 2399 4370; x_wconf 87' lang='lat' dir='ltr'>obtinendi</span> 
     </span>
     <span class='ocr_line' id='line_1_31' title="bbox 579 4419 2399 4516; baseline 0.002 -24"><span class='ocrx_word' id='word_1_339' title='bbox 579 4419 654 4492; x_wconf 92' lang='lat' dir='ltr'>iure</span> <span class='ocrx_word' id='word_1_340' title='bbox 684 4420 836 4516; x_wconf 90' lang='lat' dir='ltr'>quodam</span> <span class='ocrx_word' id='word_1_341' title='bbox 867 4419 938 4492; x_wconf 90' lang='lat' dir='ltr'>srui</span> <span class='ocrx_word' id='word_1_342' title='bbox 967 4419 1169 4515; x_wconf 89' lang='lat' dir='ltr'>affirmavit,</span> <span class='ocrx_word' id='word_1_343' title='bbox 1191 4419 1284 4516; x_wconf 91' lang='lat' dir='ltr'>quod</span> <span class='ocrx_word' id='word_1_344' title='bbox 1312 4443 1439 4516; x_wconf 87' lang='lat' dir='ltr'>nempe</span> <span class='ocrx_word' id='word_1_345' title='bbox 1467 4420 1512 4492; x_wconf 90' lang='lat' dir='ltr'>ad</span> <span class='ocrx_word' id='word_1_346' title='bbox 1542 4419 1746 4491; x_wconf 89' lang='lat' dir='ltr'>diuturnum</span> <span class='ocrx_word' id='word_1_347' title='bbox 1776 4428 1916 4516; x_wconf 90' lang='lat' dir='ltr'>tempus</span> <span class='ocrx_word' id='word_1_348' title='bbox 1947 4421 1980 4491; x_wconf 93' lang='lat' dir='ltr'>in</span> <span class='ocrx_word' id='word_1_349' title='bbox 2011 4421 2095 4491; x_wconf 93' lang='lat' dir='ltr'>iuris</span> <span class='ocrx_word' id='word_1_350' title='bbox 2120 4421 2232 4494; x_wconf 90' lang='lat' dir='ltr'>civilis</span> <span class='ocrx_word' id='word_1_351' title='bbox 2252 4423 2399 4496; x_wconf 87' lang='lat' dir='ltr'>scientia</span> 
     </span>
     <span class='ocr_line' id='line_1_32' title="bbox 578 4533 2398 4643; baseline 0.002 -25"><span class='ocrx_word' id='word_1_352' title='bbox 578 4533 821 4618; x_wconf 88' lang='lat' dir='ltr'>adolescentes</span> <span class='ocrx_word' id='word_1_353' title='bbox 857 4544 1055 4642; x_wconf 91' lang='lat' dir='ltr'>complures</span> <span class='ocrx_word' id='word_1_354' title='bbox 1092 4545 1314 4618; x_wconf 88' lang='lat' dir='ltr'>instituisset.</span> <span class='ocrx_word' id='word_1_355' title='bbox 1346 4544 1414 4617; x_wconf 89' lang='lat' dir='ltr'>Sed</span> <span class='ocrx_word' id='word_1_356' title='bbox 1452 4545 1512 4616; x_wconf 83' lang='lat' dir='ltr'>vix</span> <span class='ocrx_word' id='word_1_357' title='bbox 1550 4544 1633 4616; x_wconf 89' lang='lat' dir='ltr'>dum</span> <span class='ocrx_word' id='word_1_358' title='bbox 1666 4545 1825 4641; x_wconf 89' lang='lat' dir='ltr'>expetito</span> <span class='ocrx_word' id='word_1_359' title='bbox 1860 4544 1991 4617; x_wconf 90' lang='lat' dir='ltr'>iamdiu</span> <span class='ocrx_word' id='word_1_360' title='bbox 2019 4545 2152 4618; x_wconf 93' lang='lat' dir='ltr'>honore</span> <span class='ocrx_word' id='word_1_361' title='bbox 2182 4547 2315 4643; x_wconf 90' lang='lat' dir='ltr'>potitus</span> <span class='ocrx_word' id='word_1_362' title='bbox 2344 4555 2398 4621; x_wconf 87' lang='lat' dir='ltr'>est</span> 
     </span>
     <span class='ocr_line' id='line_1_33' title="bbox 577 4669 2397 4768; baseline 0.002 -26"><span class='ocrx_word' id='word_1_363' title='bbox 577 4669 799 4765; x_wconf 82' lang='lat' dir='ltr'>Bonifacius,</span> <span class='ocrx_word' id='word_1_364' title='bbox 830 4669 985 4766; x_wconf 84' lang='lat' dir='ltr'>patriae,</span> <span class='ocrx_word' id='word_1_365' title='bbox 1016 4669 1145 4741; x_wconf 91' lang='lat' dir='ltr'>iterum</span> <span class='ocrx_word' id='word_1_366' title='bbox 1173 4669 1208 4741; x_wconf 94' lang='lat' dir='ltr'>in</span> <span class='ocrx_word' id='word_1_367' title='bbox 1237 4693 1414 4742; x_wconf 90' lang='lat' dir='ltr'>summum</span> <span class='ocrx_word' id='word_1_368' title='bbox 1442 4669 1629 4742; x_wconf 89' lang='lat' dir='ltr'>discrimen</span> <span class='ocrx_word' id='word_1_369' title='bbox 1658 4669 1853 4764; x_wconf 91' lang='lat' dir='ltr'>adductae,</span> <span class='ocrx_word' id='word_1_370' title='bbox 1885 4669 2050 4766; x_wconf 90' lang='lat' dir='ltr'>opitulari</span> <span class='ocrx_word' id='word_1_371' title='bbox 2083 4671 2199 4767; x_wconf 89' lang='lat' dir='ltr'>ipsum</span> <span class='ocrx_word' id='word_1_372' title='bbox 2228 4673 2397 4768; x_wconf 89' lang='lat' dir='ltr'>oportuit.</span> 
     </span>
     <span class='ocr_line' id='line_1_34' title="bbox 577 4792 2395 4892; baseline 0.002 -24"><span class='ocrx_word' id='word_1_373' title='bbox 577 4795 669 4868; x_wconf 90' lang='lat' dir='ltr'>Rem</span> <span class='ocrx_word' id='word_1_374' title='bbox 698 4803 809 4868; x_wconf 90' lang='lat' dir='ltr'>totam</span> <span class='ocrx_word' id='word_1_375' title='bbox 839 4819 944 4891; x_wconf 89' lang='lat' dir='ltr'>quarn</span> <span class='ocrx_word' id='word_1_376' title='bbox 982 4792 1168 4891; x_wconf 89' lang='lat' dir='ltr'>nostrales,</span> <span class='ocrx_word' id='word_1_377' title='bbox 1199 4805 1234 4867; x_wconf 92' lang='lat' dir='ltr'>et</span> <span class='ocrx_word' id='word_1_378' title='bbox 1269 4794 1305 4865; x_wconf 90' lang='lat' dir='ltr'>in</span> <span class='ocrx_word' id='word_1_379' title='bbox 1340 4794 1462 4890; x_wconf 87' lang='lat' dir='ltr'>primis</span> <span class='ocrx_word' id='word_1_380' title='bbox 1500 4794 1794 4890; x_wconf 83' lang='lat' dir='ltr'>Ghircrdacoius,</span> <span class='ocrx_word' id='word_1_381' title='bbox 1824 4794 2080 4891; x_wconf 83' lang='lat' dir='ltr'>deformarunt,</span> <span class='ocrx_word' id='word_1_382' title='bbox 2109 4795 2395 4892; x_wconf 89' lang='lat' dir='ltr'>complectemur.</span> 
     </span>
     <span class='ocr_line' id='line_1_35' title="bbox 578 4919 2447 5016; baseline 0.002 -24"><span class='ocrx_word' id='word_1_383' title='bbox 578 4919 754 5010; x_wconf 85' lang='lat' dir='ltr'>Quoniam</span> <span class='ocrx_word' id='word_1_384' title='bbox 777 4919 953 4992; x_wconf 89' lang='lat' dir='ltr'>intestinis</span> <span class='ocrx_word' id='word_1_385' title='bbox 973 4920 1127 4992; x_wconf 90' lang='lat' dir='ltr'>motibus</span> <span class='ocrx_word' id='word_1_386' title='bbox 1148 4943 1340 5016; x_wconf 90' lang='lat' dir='ltr'>numquam</span> <span class='ocrx_word' id='word_1_387' title='bbox 1360 4943 1486 4991; x_wconf 89' lang='lat' dir='ltr'>revera</span> <span class='ocrx_word' id='word_1_388' title='bbox 1505 4919 1647 4991; x_wconf 90' lang='lat' dir='ltr'>omnino</span> <span class='ocrx_word' id='word_1_389' title='bbox 1666 4920 1809 5014; x_wconf 91' lang='lat' dir='ltr'>sedatis,</span> <span class='ocrx_word' id='word_1_390' title='bbox 1831 4919 2025 4992; x_wconf 90' lang='lat' dir='ltr'>affluebant</span> <span class='ocrx_word' id='word_1_391' title='bbox 2046 4920 2138 4992; x_wconf 94' lang='lat' dir='ltr'>enim</span> <span class='ocrx_word' id='word_1_392' title='bbox 2159 4923 2266 4993; x_wconf 90' lang='lat' dir='ltr'>maris</span> <span class='ocrx_word' id='word_1_393' title='bbox 2286 4922 2398 4995; x_wconf 90' lang='lat' dir='ltr'>instar</span> <span class='ocrx_word' id='word_1_394' title='bbox 2444 4969 2447 4974; x_wconf 26' lang='lat' dir='ltr'>n</span> 
     </span>
     <span class='ocr_line' id='line_1_36' title="bbox 578 5043 2396 5143; baseline 0.001 -25"><span class='ocrx_word' id='word_1_395' title='bbox 578 5053 613 5118; x_wconf 93' lang='lat' dir='ltr'>et</span> <span class='ocrx_word' id='word_1_396' title='bbox 632 5044 842 5139; x_wconf 90' lang='lat' dir='ltr'>refluebant,</span> <span class='ocrx_word' id='word_1_397' title='bbox 865 5053 900 5116; x_wconf 92' lang='lat' dir='ltr'>et</span> <span class='ocrx_word' id='word_1_398' title='bbox 920 5045 1084 5140; x_wconf 89' lang='lat' dir='ltr'>quoniam</span> <span class='ocrx_word' id='word_1_399' title='bbox 1106 5053 1292 5143; x_wconf 91' lang='lat' dir='ltr'>praeterea</span> <span class='ocrx_word' id='word_1_400' title='bbox 1314 5043 1472 5141; x_wconf 88' lang='lat' dir='ltr'>plerique</span> <span class='ocrx_word' id='word_1_401' title='bbox 1497 5044 1531 5116; x_wconf 93' lang='lat' dir='ltr'>in</span> <span class='ocrx_word' id='word_1_402' title='bbox 1561 5044 1704 5116; x_wconf 89' lang='lat' dir='ltr'>civitate</span> <span class='ocrx_word' id='word_1_403' title='bbox 1734 5053 1855 5116; x_wconf 87' lang='lat' dir='ltr'>nostra</span> <span class='ocrx_word' id='word_1_404' title='bbox 1883 5044 2030 5116; x_wconf 82' lang='lat' dir='ltr'>factioni</span> <span class='ocrx_word' id='word_1_405' title='bbox 2057 5044 2269 5118; x_wconf 86' lang='lat' dir='ltr'>Guelsorum</span> <span class='ocrx_word' id='word_1_406' title='bbox 2297 5047 2396 5120; x_wconf 86' lang='lat' dir='ltr'>fave·</span> 
     </span>
     <span class='ocr_line' id='line_1_37' title="bbox 577 5168 2398 5268; baseline 0.001 -25"><span class='ocrx_word' id='word_1_407' title='bbox 577 5172 675 5266; x_wconf 89' lang='lat' dir='ltr'>bant,</span> <span class='ocrx_word' id='word_1_408' title='bbox 706 5195 796 5266; x_wconf 91' lang='lat' dir='ltr'>quae</span> <span class='ocrx_word' id='word_1_409' title='bbox 825 5195 909 5242; x_wconf 90' lang='lat' dir='ltr'>sane</span> <span class='ocrx_word' id='word_1_410' title='bbox 939 5170 1083 5266; x_wconf 88' lang='lat' dir='ltr'>viribus,</span> <span class='ocrx_word' id='word_1_411' title='bbox 1110 5171 1235 5267; x_wconf 93' lang='lat' dir='ltr'>opibus</span> <span class='ocrx_word' id='word_1_412' title='bbox 1260 5180 1295 5242; x_wconf 93' lang='lat' dir='ltr'>et</span> <span class='ocrx_word' id='word_1_413' title='bbox 1326 5168 1549 5242; x_wconf 88' lang='lat' dir='ltr'>multitudine</span> <span class='ocrx_word' id='word_1_414' title='bbox 1579 5168 1681 5242; x_wconf 88' lang='lat' dir='ltr'>alteri</span> <span class='ocrx_word' id='word_1_415' title='bbox 1718 5179 1900 5267; x_wconf 88' lang='lat' dir='ltr'>praestare</span> <span class='ocrx_word' id='word_1_416' title='bbox 1930 5169 2127 5266; x_wconf 88' lang='lat' dir='ltr'>videbatur,</span> <span class='ocrx_word' id='word_1_417' title='bbox 2158 5181 2398 5268; x_wconf 89' lang='lat' dir='ltr'>opportunum</span> 
     </span>
     <span class='ocr_line' id='line_1_38' title="bbox 576 5293 2397 5391; baseline 0.001 -24"><span class='ocrx_word' id='word_1_418' title='bbox 576 5295 707 5391; x_wconf 72' lang='lat' dir='ltr'>rdcirco</span> <span class='ocrx_word' id='word_1_419' title='bbox 736 5295 829 5367; x_wconf 91' lang='lat' dir='ltr'>inter</span> <span class='ocrx_word' id='word_1_420' title='bbox 848 5294 1086 5367; x_wconf 88' lang='lat' dir='ltr'>Jeremienses</span> <span class='ocrx_word' id='word_1_421' title='bbox 1106 5304 1245 5367; x_wconf 92' lang='lat' dir='ltr'>nostros</span> <span class='ocrx_word' id='word_1_422' title='bbox 1265 5293 1449 5367; x_wconf 90' lang='lat' dir='ltr'>eonsilium</span> <span class='ocrx_word' id='word_1_423' title='bbox 1469 5303 1632 5391; x_wconf 88' lang='lat' dir='ltr'>coeptum</span> <span class='ocrx_word' id='word_1_424' title='bbox 1652 5301 1705 5366; x_wconf 93' lang='lat' dir='ltr'>est</span> <span class='ocrx_word' id='word_1_425' title='bbox 1725 5295 1768 5366; x_wconf 91' lang='lat' dir='ltr'>de</span> <span class='ocrx_word' id='word_1_426' title='bbox 1787 5295 1964 5388; x_wconf 88' lang='lat' dir='ltr'>iungendo</span> <span class='ocrx_word' id='word_1_427' title='bbox 1986 5294 2127 5366; x_wconf 84' lang='lat' dir='ltr'>loedere</span> <span class='ocrx_word' id='word_1_428' title='bbox 2148 5319 2226 5367; x_wconf 92' lang='lat' dir='ltr'>cum</span> <span class='ocrx_word' id='word_1_429' title='bbox 2248 5295 2397 5370; x_wconf 89' lang='lat' dir='ltr'>aliarum</span> 
     </span>
     <span class='ocr_line' id='line_1_39' title="bbox 577 5418 2396 5518; baseline -0.001 -23"><span class='ocrx_word' id='word_1_430' title='bbox 577 5420 810 5518; x_wconf 89' lang='lat' dir='ltr'>complurium</span> <span class='ocrx_word' id='word_1_431' title='bbox 841 5420 1051 5492; x_wconf 91' lang='lat' dir='ltr'>nobiliorum</span> <span class='ocrx_word' id='word_1_432' title='bbox 1081 5419 1206 5492; x_wconf 90' lang='lat' dir='ltr'>ltaliae</span> <span class='ocrx_word' id='word_1_433' title='bbox 1235 5420 1419 5492; x_wconf 85' lang='lat' dir='ltr'>civitatum</span> <span class='ocrx_word' id='word_1_434' title='bbox 1449 5418 1599 5492; x_wconf 82' lang='lat' dir='ltr'>Guelfae</span> <span class='ocrx_word' id='word_1_435' title='bbox 1629 5421 1740 5516; x_wconf 89' lang='lat' dir='ltr'>partis</span> <span class='ocrx_word' id='word_1_436' title='bbox 1769 5419 1968 5492; x_wconf 91' lang='lat' dir='ltr'>hominibus</span> <span class='ocrx_word' id='word_1_437' title='bbox 1997 5419 2041 5492; x_wconf 92' lang='lat' dir='ltr'>ad</span> <span class='ocrx_word' id='word_1_438' title='bbox 2069 5418 2290 5494; x_wconf 84' lang='lat' dir='ltr'>Ghibellinos</span> <span class='ocrx_word' id='word_1_439' title='bbox 2314 5421 2396 5494; x_wconf 88' lang='lat' dir='ltr'>fun·</span> 
     </span>
     <span class='ocr_line' id='line_1_40' title="bbox 580 5543 2395 5641; baseline 0.001 -23"><span class='ocrx_word' id='word_1_440' title='bbox 580 5546 674 5618; x_wconf 88' lang='lat' dir='ltr'>ditus</span> <span class='ocrx_word' id='word_1_441' title='bbox 702 5544 970 5618; x_wconf 85' lang='lat' dir='ltr'>exscindendos.</span> <span class='ocrx_word' id='word_1_442' title='bbox 997 5545 1123 5641; x_wconf 88' lang='lat' dir='ltr'>ltaque</span> <span class='ocrx_word' id='word_1_443' title='bbox 1144 5569 1236 5633; x_wconf 84' lang='lat' dir='ltr'>auno</span> <span class='ocrx_word' id='word_1_444' title='bbox 1255 5543 1474 5638; x_wconf 62' lang='lat' dir='ltr'>MCCOVI,</span> <span class='ocrx_word' id='word_1_445' title='bbox 1496 5543 1675 5616; x_wconf 86' lang='lat' dir='ltr'>februario</span> <span class='ocrx_word' id='word_1_446' title='bbox 1694 5569 1826 5637; x_wconf 86' lang='lat' dir='ltr'>meuse,</span> <span class='ocrx_word' id='word_1_447' title='bbox 1848 5543 2045 5616; x_wconf 90' lang='lat' dir='ltr'>arctissimo</span> <span class='ocrx_word' id='word_1_448' title='bbox 2065 5568 2159 5616; x_wconf 89' lang='lat' dir='ltr'>nexu</span> <span class='ocrx_word' id='word_1_449' title='bbox 2190 5553 2225 5616; x_wconf 89' lang='lat' dir='ltr'>ct</span> <span class='ocrx_word' id='word_1_450' title='bbox 2253 5546 2395 5621; x_wconf 87' lang='lat' dir='ltr'>vinculo</span> 
     </span>
     <span class='ocr_line' id='line_1_41' title="bbox 577 5668 2395 5768; baseline 0.002 -25"><span class='ocrx_word' id='word_1_451' title='bbox 577 5669 733 5768; x_wconf 87' lang='lat' dir='ltr'>copulati</span> <span class='ocrx_word' id='word_1_452' title='bbox 757 5678 839 5742; x_wconf 90' lang='lat' dir='ltr'>sunt</span> <span class='ocrx_word' id='word_1_453' title='bbox 865 5670 978 5742; x_wconf 90' lang='lat' dir='ltr'>nostri</span> <span class='ocrx_word' id='word_1_454' title='bbox 1004 5670 1268 5764; x_wconf 90' lang='lat' dir='ltr'>Parmensibus,</span> <span class='ocrx_word' id='word_1_455' title='bbox 1288 5669 1560 5763; x_wconf 86' lang='lat' dir='ltr'>Mutinensibus,</span> <span class='ocrx_word' id='word_1_456' title='bbox 1581 5668 1827 5764; x_wconf 87' lang='lat' dir='ltr'>Regiensibus‚</span> <span class='ocrx_word' id='word_1_457' title='bbox 1850 5669 2127 5764; x_wconf 84' lang='lat' dir='ltr'>Veronensibus,</span> <span class='ocrx_word' id='word_1_458' title='bbox 2149 5669 2395 5746; x_wconf 89' lang='lat' dir='ltr'>Brixiensibus</span> 
     </span>
     <span class='ocr_line' id='line_1_42' title="bbox 577 5791 2396 5902; baseline 0.001 -35"><span class='ocrx_word' id='word_1_459' title='bbox 577 5805 613 5867; x_wconf 89' lang='lat' dir='ltr'>et</span> <span class='ocrx_word' id='word_1_460' title='bbox 641 5793 859 5867; x_wconf 81' lang='lat' dir='ltr'>Mantuanis</span> <span class='ocrx_word' id='word_1_461' title='bbox 889 5794 998 5866; x_wconf 87' lang='lat' dir='ltr'>Initia</span> <span class='ocrx_word' id='word_1_462' title='bbox 1036 5794 1189 5866; x_wconf 88' lang='lat' dir='ltr'>foederis</span> <span class='ocrx_word' id='word_1_463' title='bbox 1225 5803 1306 5866; x_wconf 90' lang='lat' dir='ltr'>acta</span> <span class='ocrx_word' id='word_1_464' title='bbox 1337 5801 1463 5865; x_wconf 87' lang='lat' dir='ltr'>extant</span> <span class='ocrx_word' id='word_1_465' title='bbox 1491 5793 1527 5864; x_wconf 91' lang='lat' dir='ltr'>in</span> <span class='ocrx_word' id='word_1_466' title='bbox 1561 5791 1683 5865; x_wconf 81' lang='lat' dir='ltr'>Codice</span> <span class='ocrx_word' id='word_1_467' title='bbox 1711 5794 1946 5902; x_wconf 82' lang='lat' dir='ltr'>Diplonzoticp</span> <span class='ocrx_word' id='word_1_468' title='bbox 1977 5792 2023 5865; x_wconf 89' lang='lat' dir='ltr'>N.</span> <span class='ocrx_word' id='word_1_469' title='bbox 2055 5793 2116 5866; x_wconf 79' lang='lat'>78.</span> <span class='ocrx_word' id='word_1_470' title='bbox 2147 5794 2281 5866; x_wconf 84' lang='lat' dir='ltr'>Eodem</span> <span class='ocrx_word' id='word_1_471' title='bbox 2311 5820 2396 5870; x_wconf 88' lang='lat' dir='ltr'>vero</span> 
     </span>
     <span class='ocr_line' id='line_1_43' title="bbox 577 5917 2397 6016; baseline 0 -23"><span class='ocrx_word' id='word_1_472' title='bbox 577 5945 682 6016; x_wconf 89' lang='lat' dir='ltr'>anno,</span> <span class='ocrx_word' id='word_1_473' title='bbox 703 5918 825 6016; x_wconf 90' lang='lat' dir='ltr'>aprilis</span> <span class='ocrx_word' id='word_1_474' title='bbox 855 5920 985 5992; x_wconf 92' lang='lat' dir='ltr'>mensis</span> <span class='ocrx_word' id='word_1_475' title='bbox 1014 5919 1133 6014; x_wconf 90' lang='lat' dir='ltr'>initiis,</span> <span class='ocrx_word' id='word_1_476' title='bbox 1156 5918 1250 5991; x_wconf 92' lang='lat' dir='ltr'>aliud</span> <span class='ocrx_word' id='word_1_477' title='bbox 1277 5919 1400 5991; x_wconf 89' lang='lat' dir='ltr'>iisdem</span> <span class='ocrx_word' id='word_1_478' title='bbox 1427 5919 1539 5991; x_wconf 89' lang='lat' dir='ltr'>ferme</span> <span class='ocrx_word' id='word_1_479' title='bbox 1567 5917 1704 6013; x_wconf 87' lang='lat' dir='ltr'>legibus</span> <span class='ocrx_word' id='word_1_480' title='bbox 1731 5944 1773 5990; x_wconf 89' lang='lat' dir='ltr'>ao</span> <span class='ocrx_word' id='word_1_481' title='bbox 1802 5918 2062 5992; x_wconf 90' lang='lat' dir='ltr'>conditionibus</span> <span class='ocrx_word' id='word_1_482' title='bbox 2091 5919 2200 5991; x_wconf 91' lang='lat' dir='ltr'>ictum</span> <span class='ocrx_word' id='word_1_483' title='bbox 2230 5945 2250 5992; x_wconf 92' lang='lat' dir='ltr'>a</span> <span class='ocrx_word' id='word_1_484' title='bbox 2278 5919 2397 5994; x_wconf 92' lang='lat' dir='ltr'>Bono·</span> 
     </span>
     <span class='ocr_line' id='line_1_44' title="bbox 576 6043 2397 6143; baseline -0.001 -24"><span class='ocrx_word' id='word_1_485' title='bbox 576 6047 758 6119; x_wconf 90' lang='lat' dir='ltr'>niensibus</span> <span class='ocrx_word' id='word_1_486' title='bbox 785 6045 910 6118; x_wconf 89' lang='lat' dir='ltr'>foedus</span> <span class='ocrx_word' id='word_1_487' title='bbox 939 6047 1077 6143; x_wconf 92' lang='lat' dir='ltr'>reperio</span> <span class='ocrx_word' id='word_1_488' title='bbox 1107 6070 1185 6117; x_wconf 86' lang='lat' dir='ltr'>cum</span> <span class='ocrx_word' id='word_1_489' title='bbox 1216 6045 1391 6118; x_wconf 87' lang='lat' dir='ltr'>Thusciae</span> <span class='ocrx_word' id='word_1_490' title='bbox 1422 6045 1624 6117; x_wconf 88' lang='lat' dir='ltr'>civitatibus</span> <span class='ocrx_word' id='word_1_491' title='bbox 1647 6043 1907 6136; x_wconf 84' lang='lat' dir='ltr'>illustrioribus,</span> <span class='ocrx_word' id='word_1_492' title='bbox 1935 6043 1991 6116; x_wconf 87' lang='lat' dir='ltr'>vol</span> <span class='ocrx_word' id='word_1_493' title='bbox 2020 6045 2103 6140; x_wconf 93' lang='lat' dir='ltr'>quia</span> <span class='ocrx_word' id='word_1_494' title='bbox 2130 6046 2281 6119; x_wconf 86' lang='lat' dir='ltr'>fortasse</span> <span class='ocrx_word' id='word_1_495' title='bbox 2311 6046 2397 6118; x_wconf 85' lang='lat' dir='ltr'>ciri-</span> 
     </span>
     <span class='ocr_line' id='line_1_45' title="bbox 577 6169 2395 6267; baseline 0 -23"><span class='ocrx_word' id='word_1_496' title='bbox 577 6181 669 6246; x_wconf 87' lang='lat' dir='ltr'>tates</span> <span class='ocrx_word' id='word_1_497' title='bbox 698 6170 789 6245; x_wconf 89' lang='lat' dir='ltr'>aliae</span> <span class='ocrx_word' id='word_1_498' title='bbox 826 6171 1019 6267; x_wconf 87' lang='lat' dir='ltr'>obligatam</span> <span class='ocrx_word' id='word_1_499' title='bbox 1057 6171 1161 6243; x_wconf 89' lang='lat' dir='ltr'>fidem</span> <span class='ocrx_word' id='word_1_500' title='bbox 1197 6170 1429 6266; x_wconf 88' lang='lat' dir='ltr'>errupissent,</span> <span class='ocrx_word' id='word_1_501' title='bbox 1461 6169 1517 6242; x_wconf 89' lang='lat' dir='ltr'>vel</span> <span class='ocrx_word' id='word_1_502' title='bbox 1545 6169 1645 6266; x_wconf 90' lang='lat' dir='ltr'>quia,</span> <span class='ocrx_word' id='word_1_503' title='bbox 1676 6178 1715 6241; x_wconf 89' lang='lat' dir='ltr'>ut</span> <span class='ocrx_word' id='word_1_504' title='bbox 1750 6169 1984 6242; x_wconf 89' lang='lat' dir='ltr'>verosimilius</span> <span class='ocrx_word' id='word_1_505' title='bbox 2021 6171 2187 6266; x_wconf 88' lang='lat' dir='ltr'>arbitror,</span> <span class='ocrx_word' id='word_1_506' title='bbox 2217 6182 2321 6244; x_wconf 89' lang='lat' dir='ltr'>aucto</span> <span class='ocrx_word' id='word_1_507' title='bbox 2358 6173 2395 6245; x_wconf 92' lang='lat' dir='ltr'>in</span> 
     </span>
     <span class='ocr_line' id='line_1_46' title="bbox 577 6294 2392 6394; baseline 0 -24"><span class='ocrx_word' id='word_1_508' title='bbox 577 6298 740 6371; x_wconf 90' lang='lat' dir='ltr'>eamdem</span> <span class='ocrx_word' id='word_1_509' title='bbox 767 6321 842 6368; x_wconf 92' lang='lat' dir='ltr'>rem</span> <span class='ocrx_word' id='word_1_510' title='bbox 870 6297 1148 6394; x_wconf 90' lang='lat' dir='ltr'>conspirantium</span> <span class='ocrx_word' id='word_1_511' title='bbox 1177 6320 1336 6391; x_wconf 91' lang='lat' dir='ltr'>numero,</span> <span class='ocrx_word' id='word_1_512' title='bbox 1357 6294 1494 6368; x_wconf 84' lang='lat' dir='ltr'>facilius</span> <span class='ocrx_word' id='word_1_513' title='bbox 1515 6303 1550 6367; x_wconf 90' lang='lat' dir='ltr'>et</span> <span class='ocrx_word' id='word_1_514' title='bbox 1569 6294 1705 6368; x_wconf 82' lang='lat' dir='ltr'>felicius</span> <span class='ocrx_word' id='word_1_515' title='bbox 1734 6295 1851 6367; x_wconf 88' lang='lat' dir='ltr'>omnia</span> <span class='ocrx_word' id='word_1_516' title='bbox 1876 6295 2139 6393; x_wconf 90' lang='lat' dir='ltr'>perficerentur.</span> <span class='ocrx_word' id='word_1_517' title='bbox 2163 6295 2251 6369; x_wconf 84' lang='lat' dir='ltr'>Cum</span> <span class='ocrx_word' id='word_1_518' title='bbox 2272 6305 2392 6370; x_wconf 87' lang='lat' dir='ltr'>autern</span> 
     </span>
     <span class='ocr_line' id='line_1_47' title="bbox 576 6420 2393 6518; baseline -0.001 -22"><span class='ocrx_word' id='word_1_519' title='bbox 576 6423 782 6496; x_wconf 90' lang='lat' dir='ltr'>Bonifacius</span> <span class='ocrx_word' id='word_1_520' title='bbox 810 6431 931 6494; x_wconf 90' lang='lat' dir='ltr'>noster</span> <span class='ocrx_word' id='word_1_521' title='bbox 959 6420 1110 6494; x_wconf 88' lang='lat' dir='ltr'>Guelfae</span> <span class='ocrx_word' id='word_1_522' title='bbox 1140 6421 1232 6517; x_wconf 89' lang='lat' dir='ltr'>parti</span> <span class='ocrx_word' id='word_1_523' title='bbox 1262 6420 1521 6515; x_wconf 89' lang='lat' dir='ltr'>adberesceret,</span> <span class='ocrx_word' id='word_1_524' title='bbox 1543 6421 1616 6492; x_wconf 90' lang='lat' dir='ltr'>eius</span> <span class='ocrx_word' id='word_1_525' title='bbox 1645 6445 1790 6516; x_wconf 88' lang='lat' dir='ltr'>operam</span> <span class='ocrx_word' id='word_1_526' title='bbox 1818 6420 1978 6517; x_wconf 92' lang='lat' dir='ltr'>poposcit</span> <span class='ocrx_word' id='word_1_527' title='bbox 2003 6420 2127 6494; x_wconf 88' lang='lat' dir='ltr'>civitas</span> <span class='ocrx_word' id='word_1_528' title='bbox 2147 6447 2211 6518; x_wconf 93' lang='lat' dir='ltr'>pro</span> <span class='ocrx_word' id='word_1_529' title='bbox 2231 6421 2393 6494; x_wconf 89' lang='lat' dir='ltr'>obeunda</span> 
     </span>
    </p>
   </div>
   <div class='ocr_carea' id='block_1_3' title="bbox 0 0 2776 7749">
    <p class='ocr_par' dir='ltr' id='par_1_5' title="bbox 0 0 2776 7749">
     <span class='ocr_line' id='line_1_48' title="bbox 0 0 2776 7749; baseline 0 0"><span class='ocrx_word' id='word_1_530' title='bbox 0 0 2776 7749; x_wconf 95' lang='lat' dir='ltr'> </span> 
     </span>
    </p>
   </div>
  </div>
 </body>
</html>
