5484 7746
669 675 899 726 SPEOTAN'I'IA
919 677 970 726 AD
990 676 1155 727 GLASSEM
1175 677 1541 729 ARCHIDIAOONORUM
1559 679 1662 729 EGOL.
1683 678 1820 730 BONON.
2076 659 2151 730 259

1201 1044 1293 1108 XIV.

1091 1259 1188 1342 1219,
1211 1261 1256 1324 22
1279 1261 1398 1346 aprilio.

958 1471 1011 1536 Ex
1034 1472 1146 1537 codem
1171 1479 1272 1557 tomo,
1298 1496 1383 1538 num.
1407 1473 1534 1540 XLIII.

425 1687 590 1752 Honorius
614 1684 727 1750 III.(¹)
745 1686 899 1770 magistro
924 1685 1046 1769 Gratia,
1071 1687 1239 1774 capellano
1264 1694 1384 1770 nostro,
1408 1686 1646 1752 Archidiaoono
1669 1687 1870 1752 bononiensi.

424 1795 627 1860 Auctoritate
651 1793 849 1880 presentium
872 1793 941 1876 tibi,
966 1793 1093 1878 tuisque
1118 1795 1355 1859 successoribus
1380 1794 1595 1880 indulgemus,
1619 1802 1664 1878 ut,
1686 1817 1750 1859 non
1774 1795 1922 1859 obstante
1946 1793 2057 1878 aliqua
2079 1815 2154 1858 con-

336 1901 515 1985 suetudine,
539 1922 600 1987 que
625 1899 787 1965 canonicis
811 1900 921 1964 obviat
945 1900 997 1963 vel
1020 1900 1156 1985 derogat
1179 1901 1344 1983 institutis,
1366 1902 1506 1966 officinm
1528 1909 1560 1966 et
1581 1901 1839 1986 jurisdictionem
1863 1900 2153 1982 archidiaconatus,

300 2013 304 2020 '
336 2010 418 2074 sicut
441 2008 483 2073 ad
507 2030 564 2073 vos
588 2008 765 2072 secundum
787 2028 947 2071 canonum
970 2007 1117 2071 instituta
1139 2009 1192 2070 vel
1219 2008 1433 2094 approbatam
1464 2009 1728 2074 consuetudinem
1752 2009 1950 2093 dignoscitur
1973 2008 2152 2094 pertinere,

336 2118 436 2181 libere
464 2138 502 2180 ac
524 2115 680 2203 plenarie,
697 2115 845 2179 submoto
869 2115 1042 2198 cujuslibet
1065 2117 1226 2180 contrario
1250 2117 1348 2180 etiam
1372 2116 1549 2202 apostolico
1574 2117 1750 2198 obstaculo,
1768 2115 1886 2201 exequi
1907 2115 2059 2179 valeatis:
2078 2136 2153 2179 cou-

336 2225 536 2307 tradictorcs,
561 2223 589 2287 si
612 2223 667 2310 qni
690 2222 820 2302 fuerint,
845 2223 896 2286 vel
920 2221 1067 2304 rebelles,
1092 2244 1149 2308 per
1174 2244 1325 2287 censuras
1348 2223 1592 2307 ecclesiasticas,
1618 2223 1835 2309 appellatione
1858 2223 2046 2308 postposita,
2068 2243 2153 2286 com-

337 2331 506 2418 pescendo.
523 2331 614 2394 Nulli
637 2350 714 2415 ergo
739 2329 867 2394 omnino
891 2329 1057 2393 bominum
1081 2330 1177 2392 liccat
1199 2330 1283 2394 hanc
1307 2331 1461 2416 paginam
1484 2339 1591 2396 nostre
1616 2330 1830 2395 concessionis
1853 2329 2154 2414 infringe1·e‚velei

337 2461 418 2503 ausu
441 2439 612 2502 temerario
637 2437 814 2518 contraire3
839 2437 866 2500 si
891 2437 962 2521 quis
986 2443 1095 2500 autem
1118 2437 1178 2501 hoc
1202 2444 1362 2501 attentare
1386 2439 1626 2523 presumpserit,
1647 2437 1903 2522 indignationem
1926 2436 2154 2522 omnipotentis

337 2547 400 2610 Dei
423 2567 460 2609 aa
484 2546 652 2609 beatorum
674 2545 765 2608 Petri
788 2552 820 2606 et
842 2543 948 2626 Pauli,
974 2545 1193 2629 apostolorum
1216 2545 1296 2626 eius,
1321 2566 1354 2609 se
1378 2545 1503 2608 noverit
1526 2545 1738 2608 incursurum.

424 2653 546 2718 Datum
569 2651 673 2716 Rome
698 2651 784 2737 apud
808 2657 954 2714 sanctum
977 2649 1121 2734 Petrum,
1144 2651 1267 2715 decimo
1291 2651 1448 2715 kalendas
1472 2651 1560 2735 maij,
1585 2651 1789 2737 pontificatus
1814 2651 1914 2715 nostri
1938 2671 2022 2714 anno
2046 2651 2152 2714 tertio.

1208 2973 1282 3038 XV.

1095 3189 1192 3271 1219,
1215 3190 1259 3251 22
1281 3190 1400 3272 aprilis.

966 3401 1018 3465 Ex
1043 3402 1155 3466 eodem
1179 3408 1276 3484 tomo,
1302 3423 1387 3465 num.
1413 3402 1534 3467 XLIV.

425 3618 591 3682 Honorius
614 3615 727 3681 Irata
743 3615 904 3701 Episcopo
930 3615 1129 3679 bononiensi.

424 3723 628 3790 Presentium
652 3723 711 3788 tibi
734 3723 926 3787 auctoritate
949 3722 1155 3808 precipiendo
1180 3723 1370 3786 mandamus
1402 3730 1434 3786 et
1458 3723 1631 3786 districtius
1663 3723 1863 3806 inhibemus,
1887 3744 1927 3786 ne
1955 3743 2070 3786 causas
2101 3743 2152 3785 ec·

337 3834 532 3898 clesiasticas
557 3838 589 3895 et
612 3831 687 3913 alia,
712 3852 773 3916 que
798 3829 917 3894 debent
940 3829 1115 3894 secundum
1140 3830 1296 3893 canonica
1320 3829 1477 3914 instituta,
1494 3830 1547 3893 vel
1571 3831 1785 3916 approbatam
1808 3828 2072 3894 consuetudinem
2095 3849 2155 3914 per
2233 3837 2237 3848 ’

336 3943 489 4006 dilectum
511 3939 613 4002 filium
636 3938 866 4003 bononiensem
889 3936 1164 4001 Archidiaconum
1195 3936 1356 4022 expediri,
1382 3937 1532 4022 cuiquam
1555 3937 1758 4024 expedienda
1781 3939 1979 4020 committas,
2004 3936 2072 4000 sive
2095 3958 2153 4023 per

336 4049 416 4113 alios
440 4045 630 4131 exequaris,
655 4066 719 4109 nou
751 4044 899 4108 obstante
930 4066 1027 4130 super
1049 4043 1120 4108 ·hoc
1144 4044 1253 4129 aliqua
1277 4044 1526 4127 consuetudine,
1551 4066 1613 4130 que
1645 4045 1806 4109 canonicis
1830 4043 1940 4109 obviat
1962 4050 1995 4107 et
2018 4042 2153 4128 derogat

336 4154 500 4221 institutis.
523 4151 679 4238 Alioquin
703 4152 831 4216 noueris
854 4172 913 4215 nos
937 4151 1115 4215 venerabili
1139 4151 1233 4214 fratri
1256 4157 1364 4215 nostro
1388 4150 1549 4237 Episcopo
1574 4151 1720 4216 imolensi
1744 4160 1776 4216 et
1797 4151 1921 4216 dilectis
1944 4150 2018 4214 filiis
2041 4150 2154 4213 faven-

334 4265 401 4327 tino
425 4269 457 4326 et
481 4258 627 4324 imolensi
649 4258 827 4345 Propositis
851 4259 884 4321 in
908 4258 1069 4322 mandatis
1093 4257 1230 4340 dedisse,
1255 4265 1290 4322 ut
1313 4265 1344 4322 te
1369 4259 1410 4322 ab
1435 4259 1555 4342 injuria
1578 4259 1679 4345 ipsius
1702 4258 1943 4342 Archidieconi,
1967 4277 2064 4344 snper
2090 4257 2154 4342 hijs

335 4369 510 4435 monitione
533 4367 701 4454 premissa,
725 4387 783 4452 per
807 4387 959 4430 censuras
984 4365 1230 4449 ecclesiasticas,
1256 4367 1474 4453 appellatione
1498 4373 1633 4450 remota,
1658 4373 1873 4453 compescunt.

423 4477 546 4542 Datum
570 4476 673 4540 Rome
697 4474 783 4560 apud
808 4481 955 4540 sanctum
978 4473 1122 4558 Petrum,
1144 4474 1267 4538 decimo
1291 4474 1449 4538 kalendas
1473 4475 1561 4559 maij,
1586 4475 1791 4562 pontificatus
1815 4475 1916 4539 nostri
1940 4495 2024 4538 anno
2049 4473 2154 4537 tertio.

1198 4793 1290 4858 xvi.

1092 5007 1188 5091 1219,
1212 5009 1256 5071 22
1278 5010 1397 5093 epirus.

966 5223 1018 5286 Ex
1041 5222 1154 5286 eodem
1178 5229 1275 5307 t0m0,
1299 5244 1386 5286 num.
1411 5222 1519 5287 XLII.

423 5438 590 5503 Honorius
614 5436 677 5502 III.
692 5437 731 5502 (3)
747 5437 902 5522 magistro
928 5437 1051 5518 Gratia,
1076 5437 1244 5524 capellano
1268 5443 1388 5520 nostro,
1412 5437 1651 5502 Archidiacono
1676 5444 1708 5502 et
1732 5437 1881 5525 Capitale
1905 5439 2105 5504 bononiensi.

422 5545 474 5609 Ex
498 5551 590 5631 parte
614 5551 723 5608 vestra
754 5544 847 5608 nobis
875 5544 983 5608 extitit
1005 5544 1236 5630 supplicatum,
1260 5551 1296 5607 ut
1319 5565 1392 5608 cum
1415 5545 1448 5607 in
1472 5544 1604 5630 capellis
1628 5544 1777 5630 plebatus
1801 5545 2008 5611 bononiensis
2031 5553 2064 5612 et
2085 5548 2153 5634 ple-

334 5654 428 5718 batus
452 5651 623 5735 Medicine,
641 5672 679 5716 ac
703 5658 813 5716 sancte
836 5651 939 5722 Maria
963 5651 1003 5716 de
1026 5651 1244 5734 Montcovolo,
1262 5659 1371 5715 sancte
1395 5651 1499 5715 Maria
1523 5651 1562 5715 de
1587 5659 1693 5716 castro
1709 5652 1813 5716 sancti
1828 5652 1928 5736 Petri,
1946 5656 2049 5719 sancti
2064 5655 2154 5720 Petri

335 5760 373 5824 de
399 5759 596 5845 Oastagnolo
627 5758 768 5842 Minore,
792 5765 824 5822 et
848 5759 951 5822 sancti
974 5758 1143 5824 Michaelis
1167 5759 1206 5823 de
1230 5759 1406 5843 Argelata,
1431 5758 1575 5822 ecclesiis
1598 5758 1733 5824 diecesis
1757 5760 1963 5824 bononiensis
1984 5763 2038 5845 jus
2061 5763 2152 5826 insti·

334 5866 445 5931 tuendi
468 5866 590 5930 habere
612 5865 809 5949 noscamini,
833 5866 1015 5952 corrigendi
1047 5873 1079 5930 et
1106 5865 1302 5930 destituendi
1333 5865 1521 5930 facultatem
1552 5887 1611 5930 nec
1642 5887 1706 5931 non
1736 5867 1993 5951 jurisdictionem
2023 5869 2153 5955 plenam

334 5973 656 6060 dignaremurvobis
687 5973 867 6059 vestrisque
899 5974 1137 6038 successoribus
1165 5973 1340 6038 concedere
1369 5974 1402 6036 iu
1425 5973 1555 6038 eisdem.
1580 5973 1648 6038 Nos
1679 5974 1779 6059 igitur
1801 5976 1916 6039 rostris
1945 5977 2152 6062 supplicatio-

335 6082 428 6145 nibus
452 6080 597 6146 incliuati
621 6080 762 6164 benigne
785 6080 877 6144 vobis
902 6081 1105 6144 concedimus
1128 6080 1303 6167 postulata,
1328 6081 1519 6144 auctoritate
1543 6081 1742 6166 presentium
1765 6088 1954 6164 statuentes,
1977 6090 2014 6147 ut
2036 6084 2152 6148 Archi-

414 6347 453 6411 (1)
472 6344 515 6396 Ex
533 6361 590 6414 reg.
609 6343 724 6396 Honor-ii
743 6343 812 6410 III.,
832 6361 875 6413 ep.
895 6347 956 6410 370,
975 6344 1023 6396 fol.
1043 6347 1085 6410 78,
1104 6343 1273 6412 dccxix„
1292 6344 1384 6397 XXII.
1404 6346 1507 6414 aprilis.

298 6497 299 6502 ¹
413 6436 452 6500 (2)
472 6434 514 6485 Ex
531 6451 587 6503 reg.
607 6433 645 6485 II.
664 6433 778 6485 Honorii
797 6433 864 6498 111.,
884 6450 927 6503 ep.
948 6437 1009 6500 371,
1028 6433 1076 6486 iol.
1097 6437 1139 6500 78,
1158 6433 1325 6502 MCOXIX.‚
1345 6434 1438 6487 XXII.
1456 6435 1559 6504 aprilis.

413 6525 453 6590 (Β)
473 6523 514 6574 lix
533 6539 589 6592 reg.
609 6521 646 6574 11.
665 6522 779 6574 Honorii
799 6522 867 6589 III.,
887 6539 930 6592 ep.
949 6527 1010 6588 411,
1029 6523 1078 6575 iol.
1098 6527 1140 6590 85,
1159 6523 1325 6590 nccxlx,
1345 6524 1436 6576 XXII.
1457 6525 1559 6593 aprilis.
