5490 7750
837 651 1068 702 senonensis
1096 650 1147 700 An
1175 650 1432 702 Pnonnssoaus
1461 651 1566 702 JURIS
1594 651 1727 701 crvnns
2112 633 2185 704 101

369 806 548 890 obedientie,
572 813 599 870 et
628 806 715 870 aeide
746 807 909 870 rolantatis
940 805 1106 889 efficaciam
1133 805 1314 888 ostendatis,
1339 812 1373 869 nt
1397 805 1536 870 omnibns
1559 813 1586 871 et
1608 807 1738 892 sinpnlis
1760 809 1905 872 contentis
1926 809 1961 870 in
1984 808 2072 872 dictis
2095 810 2192 874 literis

368 914 536 978 sertendnnc
561 913 696 996 rnodnm,
718 913 854 996 formam
881 920 908 976 et
930 897 1076 978 ordinem
1092 915 1125 976 in
1149 913 1261 978 eisdem
1284 914 1380 977 literis
1403 915 1585 998 caplicntnm
1607 913 1702 978 debite
1725 922 1752 978 et
1775 914 1937 997 efficaciter
1957 916 2140 1000 adimpletis,
2164 925 2191 981 et

368 1024 406 1086 de
422 1023 460 1105 ijs
476 1022 614 1086 omnibns
634 1030 661 1086 et
676 1022 808 1106 sirrpnlis
830 1021 971 1103 confectis
989 1021 1117 1085 dioensis
1133 1021 1266 1104 ejnselem
1283 1023 1396 1084 tenoris
1405 1021 1540 1105 publicis
1555 1023 1776 1106 instrumentis,
1791 1023 1890 1107 sipillo
1909 1021 2086 1088 Communis
2101 1028 2192 1089 uestri

370 1132 508 1212 munitis,
517 1130 613 1213 jnato
636 1130 790 1194 dictorem
812 1131 921 1220 seriem
936 1130 1109 1212 literarum,
1126 1149 1257 1214 qnorum
1273 1149 1372 1192 nnnnr
1389 1129 1483 1192 eidem
1501 1131 1610 1192 nnntio
1625 1129 1856 1194 custodiendam
1864 1152 1926 1215 per
1941 1153 2021 1215 enne,
2038 1131 2190 1218 nobisque,

370 1257 440 1300 cnm
462 1237 505 1300 ael
526 1257 581 1301 nos
603 1237 739 1319 redierit,
763 1236 974 1318 deferendum.
1000 1235 1168 1320 Reliqnnrn
1191 1256 1260 1298 cero
1276 1256 1337 1318 per
1359 1255 1408 1298 ons
1430 1234 1514 1298 nobis
1537 1238 1726 1320 qaantocius,
1746 1237 1792 1300 oel
1814 1238 1919 1302 saltem
1942 1238 2030 1321 infra
2048 1243 2191 1324 promoto

365 1343 512 1426 fntnram
534 1344 667 1408 rnediorn
691 1343 957 1428 qnodropesimam
980 1343 1151 1427 elilipenter,
1169 1350 1195 1406 et
1208 1342 1341 1424 fideliter
1356 1342 1574 1406 destinondnrn
1590 1344 1688 1427 pleno
1711 1343 1844 1426 ejusdem
1867 1346 1995 1410 civitatis
2018 1354 2045 1411 et
2067 1351 2190 1413 ronicen-

368 1454 475 1534 sitatis,
503 1450 666 1515 Corrrnrnni
689 1458 715 1515 et
733 1451 844 1535 populi
867 1451 947 1533 pus,
971 1457 999 1514 et
1020 1450 1227 1535 sinpnlarinrn
1248 1470 1453 1533 personatam
1476 1470 1512 1512 oc
1533 1452 1786 1533 orrioersitatnm,
1806 1454 1963 1516 comitatos
1986 1461 2012 1518 et
2036 1454 2191 1520 districtas

369 1559 504 1642 ejusdem
527 1559 734 1643 reintepratio,
757 1565 784 1622 et
808 1560 840 1620 in
864 1559 1018 1642 inteprnnr
1041 1559 1190 1620 restitutio
1213 1557 1256 1620 nel
1277 1557 1422 1638 leonores,
1445 1557 1624 1641 dipnitates.
1645 1556 1766 1639 famam
1790 1566 1816 1622 et
1838 1566 1950 1623 statum
1974 1561 2012 1626 ele
2036 1570 2140 1626 nostra
2163 1572 2190 1626 et

371 1666 506 1749 ejusdem
530 1665 618 1730 Sedis
638 1667 742 1751 pratia
765 1664 1000 1750 subsequantur.
1019 1663 1083 1727 Nos
1105 1666 1201 1749 ipitnr
1222 1670 1358 1749 parentes
1380 1666 1529 1727 civitatem
1548 1665 1693 1747 eornelern,
1712 1666 1836 1750 ejusque
1852 1669 2026 1732 comitntnrn
2043 1676 2069 1733 et
2085 1670 2190 1734 distri·

368 1781 460 1856 circui,
477 1781 635 1858 tamqnam
653 1774 820 1858 precipuos
843 1779 963 1836 nostras
986 1779 1013 1836 et
1036 1771 1170 1855 ejusdem
1192 1769 1326 1835 Ecclesie
1347 1779 1457 1854 terras,
1474 1779 1501 1834 et
1520 1772 1693 1856 sinpnlores
1703 1793 1852 1856 personas
1867 1775 2014 1858 ipsorum,
2031 1783 2190 1862 tornqnonr

362 1881 536 1965 peculiares
560 1888 694 1962 nostros,
718 1887 746 1943 et
768 1879 903 1962 ansilam
935 1878 1067 1942 Ecclesie
1094 1878 1175 1960 filios
1206 1880 1238 1940 in
1269 1877 1430 1942 uisceribns
1448 1880 1594 1962 precipm
1617 1879 1775 1943 alteritatis
1798 1881 1937 1944 enrndern
1965 1885 2112 1947 rrnntiarn
2135 1885 2191 1949 illo

368 1989 519 2051 mittirnns
541 1989 719 2052 anctoritate
743 1994 770 2051 et
787 1993 933 2070 potestate
956 1987 1121 2068 maerebam,
1146 2006 1238 2070 qrcnrn
1261 1987 1385 2068 ciuitati,
1406 1987 1561 2048 cornitatni
1584 1993 1610 2048 et
1633 1986 1787 2050 distrietni
1808 1991 2043 2072 memorabant
2066 1994 2190 2056 nnirer·

369 2093 508 2158 sitatibns
531 2101 558 2158 et
575 2096 716 2178 personis
738 2093 950 2178 sinpnlaribns
973 2093 1158 2174 eornrndern,
1175 2113 1307 2177 qnorcem
1330 2094 1469 2155 orrrninrn
1490 2095 1719 2176 prosperitatem
1744 2101 1771 2156 et
1793 2095 1982 2159 concmodnm
1993 2099 2087 2180 pleno
2102 2100 2192 2163 corde

368 2202 514 2284 zelamus,
538 2201 581 2265 od
596 2221 725 2286 presens
747 2202 939 2285 copnooirnns
962 2200 1112 2284 expedire.
1136 2200 1257 2263 Datum
1280 2201 1428 2262 Atinioni
1459 2199 1590 2262 serrendo
1612 2200 1691 2282 jdns
1713 2200 1855 2284 octobris,
1873 2203 2071 2286 pontificatus
2093 2208 2191 2269 nostri

368 2328 452 2371 enno
475 2315 586 2392 quarto
611 2333 641 2389 ›,
665 2305 731 2392 le'gi
755 2306 831 2370 lecit
854 2328 912 2392 per
936 2327 987 2369 me
1012 2305 1215 2370 Grimaldum
1240 2305 1401 2369 notarium
1425 2305 1676 2391 infrascriptum,
1701 2327 1739 2370 ao
1762 2307 1845 2370 dixit
1868 2315 1900 2371 et
1923 2309 2081 2374 instanter
2096 2312 2191 2397 petijt

369 2437 388 2478 a
413 2415 498 2479 dicto
523 2415 652 2480 domino
677 2415 820 2498 Thadeo,
839 2414 1008 2479 Communi
1032 2421 1064 2477 61
1086 2414 1213 2499 Populo
1237 2414 1415 2499 prelibatis,
1432 2413 1517 2498 quod
1542 2413 1662 2477 vellent
1686 2414 1797 2478 audire
1822 2415 1903 2479 alias
1926 2416 2037 2482 literas
2061 2427 2190 2504 aposto·

369 2522 459 2605 licas,
477 2523 511 2585 in
535 2523 650 2608 quibus
674 2523 922 2586 continebantur
946 2522 1184 2604 conventiones,
1203 2520 1420 2584 ordinationes
1445 2527 1477 2584 et
1500 2527 1596 2605 pacta
1618 2522 1730 2586 habita
1753 2523 1837 2586 inter
1861 2523 2025 2588 dominum
2046 2532 2190 2590 nostrum

369 2620 529 2696 summum
560 2629 768 2709 Pontificem,
793 2639 826 2692 et
849 2628 1007 2692 sindicum
1031 2635 1062 2691 61
1087 2627 1326 2691 ambaxiatores
1349 2626 1528 2713 predictos,
1555 2627 1630 2712 quia
1654 2628 1721 2713 ipse
1746 2637 1816 2692 erat
1838 2637 1971 2715 paratus
1995 2652 2050 2694 eas
2083 2635 2193 2697 statim

370 2737 490 2821 legere,
514 2758 572 2800 seu
594 2736 661 2821 legi
683 2735 790 2800 faeere
814 2741 847 2799 et
870 2735 1033 2821 perficere,
1058 2735 1218 2820 complere
1251 2742 1282 2799 et
1313 2735 1497 2798 executioni
1525 2734 1632 2798 debite
1656 2734 1851 2800 demandare
1876 2739 1984 2800 omnia
2007 2745 2040 2801 et
2063 2740 2193 2825 singula

370 2845 404 2906 in
426 2844 519 2907 dictis
543 2844 644 2908 literis
669 2849 829 2924 contenta,
854 2842 1026 2906 dummodo
1051 2842 1112 2927 ipsi
1134 2842 1306 2906 efficaciter
1329 2842 1418 2927 prius
1447 2842 1591 2905 facerent
1619 2848 1651 2905 61
1683 2842 1897 2928 adimplerent
1926 2846 2034 2909 omnia
2065 2855 2097 2910 et
2128 2849 2193 2910 siu·

371 2952 448 3036 gula
472 2957 648 3033 conventa,
674 2950 868 3014 concordata
891 2957 924 3014 61
945 2951 1055 3034 jurata
1079 2971 1136 3036 per
1160 2970 1214 3013 eos
1239 2948 1414 3012 seeundum
1439 2957 1584 3013 tenorem
1607 2957 1639 3014 et
1663 2950 1893 3014 continentiam
1923 2952 2089 3016 literarum
2121 2976 2193 3040 pre·

371 3058 540 3122 dictarum.

460 3166 643 3251 Requisivit
665 3166 763 3229 etiam
792 3171 824 3228 et
848 3165 975 3228 induxit
998 3165 1127 3228 eosdem
1152 3171 1307 3250 quantum
1331 3165 1435 3250 potuit
1458 3164 1593 3228 sollicite
1610 3171 1643 3227 et
1658 3165 1840 3250 diligenter,
1858 3166 1943 3251 quod
1960 3167 2104 3252 predicta
2119 3191 2192 3254 per-

371 3274 514 3356 ficerent,
537 3273 745 3355 ratificarent,
770 3281 801 3336 et
826 3274 934 3337 omnia
958 3272 1170 3358 complerent,
1194 3273 1365 3358 presertim
1389 3294 1461 3335 eum
1485 3273 1553 3357 ipse
1578 3272 1726 3335 dominus
1757 3273 1901 3336 notarius
1925 3274 2056 3337 nuntius
2081 3275 2120 3339 de
2144 3276 2191 3340 in·

371 3381 513 3445 tentione
537 3389 570 3445 et
593 3381 789 3444 conscientia
805 3379 925 3444 domini
942 3381 1043 3444 nostri
1060 3379 1184 3443 Summi
1200 3379 1377 3461 Pontificis,
1395 3385 1431 3442 61
1447 3379 1538 3460 dixit,
1557 3386 1663 3442 certus
1680 3380 1808 3462 existat,
1826 3381 1911 3465 qnod
1936 3381 2020 3444 idem
2043 3382 2191 3448 dominus

373 3495 481 3552 noster
511 3488 670 3551 sinceram
701 3495 734 3551 61
765 3493 934 3574 paternam
967 3509 1004 3551 ae
1035 3487 1209 3573 specialem
1233 3486 1436 3550 affectionem
1459 3485 1580 3549 habeat
1603 3486 1644 3549 ad
1668 3487 1844 3570 civitatem,
1870 3488 1956 3551 cives
1980 3495 2012 3552 et
2035 3490 2190 3575 populum

370 3595 590 3683 supradictos,
614 3616 732 3680 eosque
762 3595 900 3658 intendit
922 3602 1063 3658 tractare
1086 3601 1119 3658 et
1141 3595 1293 3680 prosequi
1317 3594 1549 3676 favorabiliter,
1571 3594 1653 3658 sicut
1677 3594 1809 3658 devotos
1833 3617 1907 3659 suos
1931 3595 2014 3660 filios
2038 3604 2070 3660 et
2093 3598 2191 3661 etiam

372 3704 538 3790 speciales.
563 3702 606 3767 Et
630 3703 656 3766 si
679 3703 742 3788 ipsi
766 3709 917 3766 contenta
941 3702 973 3765 in
998 3702 1090 3766 dictis
1114 3701 1216 3765 literis
1249 3701 1427 3765 liberaliter
1456 3707 1488 3764 et
1519 3708 1666 3787 prompte
1697 3702 1766 3765 sine
1797 3702 1985 3766 difficultate
2017 3704 2069 3767 vel
2100 3727 2191 3769 mora

276 3823 282 3836 ·
372 3810 574 3895 integraliter
597 3817 629 3874 61
652 3831 724 3874 eum
747 3809 874 3890 effectu,
899 3809 1021 3872 iaciant
1043 3816 1076 3873 et
1099 3809 1282 3894 compleant
1303 3809 1399 3892 juxta
1424 3808 1565 3892 ipsarum
1589 3807 1756 3872 literarum
1779 3815 1924 3872 tenorem
1952 3816 1984 3874 61
2008 3812 2133 3894 seriem,
2155 3819 2191 3876 ut

372 3925 531 4000 tenentur,
549 3917 696 3981 dominus
721 3923 829 3980 noster
852 3916 1055 4003 postmodum
1073 3937 1169 4000 super
1186 3899 1248 3978 illis
1265 3915 1402 4001 punctis,
1420 3936 1477 3978 666
1493 3915 1653 4000 capitulis,
1671 3936 1732 4000 que
1750 3916 1795 3978 eis
1811 3916 1907 3979 nimis
1923 3917 2014 4000 dura,
2032 3918 2190 4004 nimisque

371 4026 485 4111 gravia
508 4033 541 4089 et
564 4024 782 4109 importabilia
806 4024 875 4087 fore
899 4023 1065 4105 dicebant,
1089 4023 1179 4108 sique
1203 4022 1282 4086 talia
1306 4023 1338 4085 iu
1363 4021 1456 4086 dictis
1479 4023 1580 4086 literis
1604 4022 1686 4086 forte
1711 4029 1818 4086 essent
1841 4023 1881 4087 de
1905 4025 2189 4109 moderationibus,

371 4132 643 4196 declarationibus
668 4139 700 4196 61
723 4131 873 4195 remediis
897 4132 1096 4217 opportunis,
1112 4137 1209 4216 prout
1232 4129 1386 4216 expedire
1410 4137 1628 4214 cognosceret,
1645 4130 1690 4193 sio
1714 4137 1746 4194 et
1769 4130 1877 4194 taliter
1892 4132 2088 4217 provideret,
2105 4135 2192 4219 quod

373 4241 434 4326 ipsi
458 4240 600 4303 contenti
628 4260 698 4302 esse
729 4237 885 4302 deberent
915 4245 946 4302 et
970 4245 1117 4324 possent,
1143 4258 1201 4301 nec
1225 4238 1340 4319 vellet,
1366 4236 1451 4321 quod
1481 4237 1543 4322 ipsi
1573 4245 1779 4301 remanerent
1809 4238 1851 4300 ad
1882 4238 2111 4324 impossibilia,
2136 4247 2192 4304 aut

372 4347 467 4410 nimis
497 4347 578 4410 dura
608 4347 661 4411 vel
691 4346 950 4410 inconvenientia
982 4345 1127 4431 obligati.
1151 4344 1195 4407 Et
1224 4351 1300 4408 tuuc
1332 4344 1479 4407 nonnulli
1502 4345 1541 4407 (16
1567 4343 1708 4408 Consilio
1733 4365 1790 4407 seu
1812 4345 1932 4431 populo
1955 4346 2133 4431 prelibato,
2160 4354 2192 4410 et

371 4454 556 4541 specialiter
571 4453 719 4518 dominus
735 4453 858 4518 Paulus
871 4459 903 4516 et
915 4452 1031 4516 Petrus
1048 4452 1298 4516 ambassiatores
1315 4451 1501 4537 supradicti,
1513 4452 1665 4515 dixerunt
1680 4459 1713 4515 et
1728 4452 1964 4538 responderunt
1977 4453 2061 4517 inter
2073 4462 2191 4537 661666,

372 4561 457 4646 quod
481 4561 585 4626 dictus
609 4561 756 4625 dominus
781 4567 889 4624 noster
912 4560 1003 4646 Papa
1021 4559 1149 4623 dixerat
1172 4567 1204 4623 et
1227 4559 1420 4646 promiserat
1444 4559 1489 4623 eis
1514 4580 1677 4646 expresse,
1695 4559 1780 4644 quod
1796 4581 1893 4644 super
1917 4561 2079 4624 nonnullis
2104 4563 2192 4648 eapi-

372 4669 459 4752 tulis,
484 4690 545 4754 que
570 4668 654 4732 dicto
678 4668 806 4732 domiuo
831 4675 941 4732 nostro
965 4667 1183 4749 tradiderant,
1208 4689 1269 4752 que
1293 4667 1391 4730 etiarn
1415 4667 1461 4731 616
1485 4667 1614 4731 ornnino
1638 4667 1856 4753 importabilia
1879 4667 1948 4732 fora
1973 4677 2191 4753 asseruerunt,

372 4777 512 4840 debebat
534 4776 714 4863 providere,
732 4783 764 4839 61
786 4797 884 4861 super
907 4775 970 4839 illis
992 4775 1104 4838 literas
1128 4775 1322 4861 apostolicas
1347 4774 1388 4837 ad
1411 4780 1537 4860 partem
1560 4774 1645 4838 dicto
1670 4774 1799 4839 domino
1827 4775 1952 4839 notario
1977 4776 2089 4840 nuntio
2113 4776 2191 4840 dare

372 4885 413 4947 ad
437 4883 706 4948 modificationem
729 4883 944 4969 capitulorum
967 4882 1195 4968 predictorum.

461 4990 504 5055 Et
526 4991 602 5076 quia
626 5010 722 5077 snper
746 4989 838 5054 dictis
863 4989 1023 5075 capitulis,
1048 4996 1080 5053 et
1103 5010 1201 5075 super
1223 4988 1386 5052 nonnullis
1410 4989 1492 5071 aliis,
1510 5009 1572 5074 que
1596 4988 1659 5052 sibi
1681 4989 1779 5051 etiam
1804 5009 1939 5052 onerosa
1963 4989 2068 5071 valde,
2089 4996 2121 5053 61
2145 4991 2192 5054 616

373 5099 502 5163 omniuo
525 5097 744 5184 importabilia
768 5097 928 5179 dicebant,
945 5118 1009 5160 non
1034 5103 1103 5160 erat
1126 5117 1184 5182 per
1207 5095 1328 5159 dictum
1351 5096 1516 5160 dominum
1540 5102 1685 5159 nostrum
1701 5094 1827 5181 Papam
1850 5095 1972 5180 aliquid
1996 5096 2191 5181 ordinatum,

374 5205 528 5269 uolebant
551 5205 612 5290 ipsi
635 5205 721 5268 cives
745 5211 777 5268 61
799 5203 937 5290 populus
961 5203 1101 5267 civitatis
1124 5202 1267 5289 predicte
1292 5202 1414 5288 aliquid
1437 5202 1597 5266 ratificare
1627 5223 1684 5266 seu
1714 5203 1874 5288 complere
1906 5202 1946 5266 de
1977 5203 2135 5268 contentis
2159 5205 2192 5267 in

373 5313 474 5377 literis
497 5312 675 5398 prelibatis,
700 5312 796 5375 immo
821 5311 1059 5399 requisiverunt
1083 5331 1156 5374 oum
1177 5310 1332 5373 instantia
1355 5311 1517 5396 prefatum
1545 5309 1709 5374 dominum
1734 5310 1896 5373 notarium
1919 5311 2082 5393 nuntium,
2107 5311 2194 5396 quod

373 5422 414 5485 ad
438 5421 558 5485 dictum
581 5419 746 5482 dominum
770 5426 914 5482 nostrum
937 5417 1063 5504 Papam
1087 5417 1249 5503 quamcito
1272 5425 1398 5503 posset,
1422 5424 1583 5481 remearet
1606 5423 1638 5480 et
1661 5416 1858 5503 supplicaret
1886 5438 1945 5502 pro
1968 5417 2191 5502 reparatione,

372 5527 608 5592 modificatione
632 5532 664 5590 et
687 5527 884 5590 correctione
908 5525 1124 5612 capitulorum
1146 5524 1373 5611 predictorum.

461 5635 545 5698 Item
569 5633 710 5719 quidam,
726 5633 855 5697 nomine
879 5632 1027 5696 dominus
1050 5632 1205 5696 Ferrinus
1229 5631 1268 5696 (16
1293 5631 1462 5716 Gallucijs,
1479 5631 1582 5715 miles,
1600 5632 1765 5718 respondit
1781 5639 1813 5696 et
1836 5632 1918 5696 dixit
1937 5633 2021 5696 inter
2037 5640 2144 5696 catera
2160 5634 2193 5697 in

372 5744 457 5807 dieto
480 5741 602 5829 palatio
625 5740 764 5826 publice,
783 5740 867 5827 quod
891 5739 951 5803 nisi
977 5739 1064 5804 dieta
1087 5739 1229 5825 capitula
1253 5739 1514 5803 modificarentur
1538 5745 1570 5803 et
1598 5739 1846 5824 corrigerentur,
1864 5746 1896 5803 61
1911 5741 2082 5826 presertim
2105 5741 2193 5827 capi·
2292 5771 2295 5778 ·

373 5850 487 5932 tulum,
504 5848 589 5934 quod
612 5847 754 5933 loquitur
774 5847 814 5912 de
829 5847 1074 5929 Conservatore,
1091 5847 1211 5930 dicens,
1229 5846 1315 5932 quod
1334 5845 1414 5910 nihil
1430 5847 1585 5910 intererat
1601 5847 1722 5912 domini
1745 5848 1847 5910 nostri
1868 5847 1969 5933 Pape,
1987 5868 2046 5910 neo
2070 5847 2193 5933 aliquid

373 5958 480 6022 facere
503 5956 645 6020 habebat
668 5977 766 6041 super
789 5955 892 6019 officio
917 5955 1161 6018 Conservatoris
1177 5953 1324 6040 predicti,
1340 5955 1437 6017 immo
1455 5953 1496 6018 ad
1517 5954 1638 6017 dietum
1662 5955 1827 6040 populum,
1844 5975 1899 6017 seu
1925 5954 2101 6018 Commune
2121 5977 2193 6040 spe·

373 6065 483 6129 stabat
506 6063 635 6128 omnino
659 6064 767 6126 facere
799 6062 1068 6127 Conservatorem
1091 6061 1285 6148 predictum,
1310 6068 1342 6125 61
1365 6061 1457 6125 illum
1480 6063 1640 6145 16666661,
1662 6061 1813 6126 videlicet
1836 6060 2000 6125 dominum
2024 6060 2193 6125 Thadeum

373 6173 413 6237 (16
436 6171 588 6258 Pepulis,
613 6191 708 6255 quem
732 6170 861 6234 omnino
889 6169 1010 6233 habere
1033 6170 1188 6234 volebant
1210 6169 1242 6232 in
1267 6168 1553 6252 Conservatorem,
1579 6169 1732 6254 quamdiu
1761 6167 1844 6232 idem
1869 6167 2017 6232 dominus
2041 6168 2193 6233 Thadeus

372 6281 474 6344 vitam
497 6278 629 6342 duceret
651 6277 684 6340 16
707 6277 868 6359 humanis,
885 6284 917 6340 et
940 6276 1095 6340 nolebant
1118 6277 1241 6362 aliquid
1264 6277 1435 6360 ratificare,
1453 6277 1644 6363 approbare,
1662 6297 1718 6340 seu
1742 6274 1903 6362 complere
1927 6275 1966 6339 (16
1986 6276 2143 6339 contentis
2160 6277 2194 6339 in

374 6387 467 6451 dictis
490 6385 602 6468 literis,
619 6385 681 6449 nisi
703 6385 793 6471 prius
813 6385 899 6448 dieta
916 6385 1067 6470 capitula,
1086 6391 1117 6449 et
1133 6385 1274 6449 maxime
1290 6384 1411 6449 dictum
1428 6384 1604 6471 capitulum
1621 6384 1660 6448 de
1678 6383 1923 6466 Conservatore,
1940 6389 2047 6447 essent
2063 6383 2193 6448 omnino

372 6499 528 6576 correcta,
553 6491 728 6576 declarata,
754 6491 936 6575 emendata,
960 6513 1017 6555 seu
1042 6491 1234 6556 modificata.
