<?xml version="1.0" encoding="UTF-8"?>
<!DOCTYPE html PUBLIC "-//W3C//DTD XHTML 1.0 Transitional//EN"
    "http://www.w3.org/TR/xhtml1/DTD/xhtml1-transitional.dtd">
<html xmlns="http://www.w3.org/1999/xhtml" xml:lang="en" lang="en">
 <head>
  <title>
</title>
<meta http-equiv="Content-Type" content="text/html;charset=utf-8" />
  <meta name='ocr-system' content='tesseract 3.04.00' />
  <meta name='ocr-capabilities' content='ocr_page ocr_carea ocr_par ocr_line ocrx_word'/>
</head>
<body>
  <div class='ocr_page' id='page_1' title='image "./declarisarchigy00albigoog_0167.png"; bbox 0 0 5490 7750; ppageno 0'>
   <div class='ocr_carea' id='block_1_1' title="bbox 742 642 2133 746">
    <p class='ocr_par' dir='ltr' id='par_1_1' title="bbox 742 642 2133 746">
     <span class='ocr_line' id='line_1_1' title="bbox 742 642 2133 746; baseline -0.003 -30"><span class='ocrx_word' id='word_1_1' title='bbox 742 739 746 746; x_wconf 27' lang='grc' dir='ltr'>ι</span> <span class='ocrx_word' id='word_1_2' title='bbox 778 667 1014 717; x_wconf 80' lang='lat' dir='ltr'>SPECTANTIA</span> <span class='ocrx_word' id='word_1_3' title='bbox 1042 667 1093 716; x_wconf 85' lang='lat' dir='ltr'>AD</span> <span class='ocrx_word' id='word_1_4' title='bbox 1122 666 1377 716; x_wconf 73' lang='lat' dir='ltr'>Pnorrssoaus</span> <span class='ocrx_word' id='word_1_5' title='bbox 1406 665 1511 716; x_wconf 78' lang='lat' dir='ltr'>‹JURIS</span> <span class='ocrx_word' id='word_1_6' title='bbox 1539 663 1671 714; x_wconf 77' lang='lat' dir='ltr'>olvnns</span> <span class='ocrx_word' id='word_1_7' title='bbox 2061 642 2133 713; x_wconf 71' lang='lat'>157</span> 
     </span>
    </p>
   </div>
   <div class='ocr_carea' id='block_1_2' title="bbox 307 820 2142 3806">
    <p class='ocr_par' dir='ltr' id='par_1_2' title="bbox 310 820 2142 1798">
     <span class='ocr_line' id='line_1_2' title="bbox 311 820 2135 923; baseline -0.003 -27"><span class='ocrx_word' id='word_1_8' title='bbox 311 825 587 923; x_wconf 86' lang='lat' dir='ltr'>praedictorum,</span> <span class='ocrx_word' id='word_1_9' title='bbox 609 833 645 898; x_wconf 88' lang='lat' dir='ltr'>et</span> <span class='ocrx_word' id='word_1_10' title='bbox 673 824 748 898; x_wconf 90' lang='lat' dir='ltr'>solo</span> <span class='ocrx_word' id='word_1_11' title='bbox 777 825 846 898; x_wconf 88' lang='lat' dir='ltr'>fine</span> <span class='ocrx_word' id='word_1_12' title='bbox 876 834 912 898; x_wconf 91' lang='lat' dir='ltr'>et</span> <span class='ocrx_word' id='word_1_13' title='bbox 941 825 1071 897; x_wconf 86' lang='lat' dir='ltr'>effectu</span> <span class='ocrx_word' id='word_1_14' title='bbox 1100 848 1164 922; x_wconf 86' lang='lat' dir='ltr'>per</span> <span class='ocrx_word' id='word_1_15' title='bbox 1191 823 1345 895; x_wconf 90' lang='lat' dir='ltr'>medium</span> <span class='ocrx_word' id='word_1_16' title='bbox 1375 847 1501 920; x_wconf 87' lang='lat' dir='ltr'>nempe</span> <span class='ocrx_word' id='word_1_17' title='bbox 1527 821 1673 917; x_wconf 86' lang='lat' dir='ltr'>hujusce</span> <span class='ocrx_word' id='word_1_18' title='bbox 1702 820 2018 893; x_wconf 81' lang='lat' dir='ltr'>administrationis</span> <span class='ocrx_word' id='word_1_19' title='bbox 2052 844 2135 892; x_wconf 90' lang='lat' dir='ltr'>oon·</span> 
     </span>
     <span class='ocr_line' id='line_1_3' title="bbox 310 945 2135 1049; baseline -0.003 -26"><span class='ocrx_word' id='word_1_20' title='bbox 310 951 473 1023; x_wconf 87' lang='lat' dir='ltr'>tinuandi</span> <span class='ocrx_word' id='word_1_21' title='bbox 501 958 537 1024; x_wconf 83' lang='lat' dir='ltr'>et</span> <span class='ocrx_word' id='word_1_22' title='bbox 565 951 819 1026; x_wconf 85' lang='lat' dir='ltr'>corroborandi</span> <span class='ocrx_word' id='word_1_23' title='bbox 847 951 1106 1049; x_wconf 86' lang='lat' dir='ltr'>possessionem</span> <span class='ocrx_word' id='word_1_24' title='bbox 1139 973 1180 1021; x_wconf 89' lang='lat' dir='ltr'>ac</span> <span class='ocrx_word' id='word_1_25' title='bbox 1208 973 1344 1020; x_wconf 90' lang='lat' dir='ltr'>merum</span> <span class='ocrx_word' id='word_1_26' title='bbox 1374 955 1410 1020; x_wconf 90' lang='lat' dir='ltr'>et</span> <span class='ocrx_word' id='word_1_27' title='bbox 1438 947 1589 1018; x_wconf 77' lang='lat' dir='ltr'>mixtum</span> <span class='ocrx_word' id='word_1_28' title='bbox 1618 946 1805 1042; x_wconf 91' lang='lat' dir='ltr'>imperium</span> <span class='ocrx_word' id='word_1_29' title='bbox 1833 946 1878 1018; x_wconf 90' lang='lat' dir='ltr'>ad</span> <span class='ocrx_word' id='word_1_30' title='bbox 1907 945 2039 1018; x_wconf 88' lang='lat' dir='ltr'>dictam</span> <span class='ocrx_word' id='word_1_31' title='bbox 2066 945 2135 1017; x_wconf 86' lang='lat' dir='ltr'>Ee-</span> 
     </span>
     <span class='ocr_line' id='line_1_4' title="bbox 313 1071 2138 1174; baseline -0.003 -27"><span class='ocrx_word' id='word_1_32' title='bbox 313 1075 456 1149; x_wconf 85' lang='lat' dir='ltr'>clasiam</span> <span class='ocrx_word' id='word_1_33' title='bbox 485 1100 592 1174; x_wconf 89' lang='lat' dir='ltr'>super</span> <span class='ocrx_word' id='word_1_34' title='bbox 620 1076 787 1172; x_wconf 88' lang='lat' dir='ltr'>civitate,</span> <span class='ocrx_word' id='word_1_35' title='bbox 818 1076 988 1148; x_wconf 88' lang='lat' dir='ltr'>comitatu</span> <span class='ocrx_word' id='word_1_36' title='bbox 1017 1083 1052 1147; x_wconf 87' lang='lat' dir='ltr'>et</span> <span class='ocrx_word' id='word_1_37' title='bbox 1080 1075 1243 1146; x_wconf 83' lang='lat' dir='ltr'>districtu</span> <span class='ocrx_word' id='word_1_38' title='bbox 1271 1073 1453 1145; x_wconf 83' lang='lat' dir='ltr'>Bononiae</span> <span class='ocrx_word' id='word_1_39' title='bbox 1483 1071 1730 1169; x_wconf 81' lang='lat' dir='ltr'>spectantium.</span> <span class='ocrx_word' id='word_1_40' title='bbox 1761 1071 1837 1160; x_wconf 88' lang='lat' dir='ltr'>Quo</span> <span class='ocrx_word' id='word_1_41' title='bbox 1872 1071 1987 1166; x_wconf 85' lang='lat' dir='ltr'>lacto,</span> <span class='ocrx_word' id='word_1_42' title='bbox 2018 1094 2138 1143; x_wconf 89' lang='lat' dir='ltr'>coram</span> 
     </span>
     <span class='ocr_line' id='line_1_5' title="bbox 313 1195 2136 1299; baseline -0.003 -27"><span class='ocrx_word' id='word_1_43' title='bbox 313 1201 479 1297; x_wconf 89' lang='lat' dir='ltr'>testibus,</span> <span class='ocrx_word' id='word_1_44' title='bbox 511 1202 636 1274; x_wconf 85' lang='lat' dir='ltr'>eadem</span> <span class='ocrx_word' id='word_1_45' title='bbox 664 1202 720 1274; x_wconf 90' lang='lat' dir='ltr'>die</span> <span class='ocrx_word' id='word_1_46' title='bbox 749 1201 953 1299; x_wconf 87' lang='lat' dir='ltr'>praedictus</span> <span class='ocrx_word' id='word_1_47' title='bbox 982 1201 1139 1272; x_wconf 82' lang='lat' dir='ltr'>Jacobus</span> <span class='ocrx_word' id='word_1_48' title='bbox 1167 1198 1317 1271; x_wconf 87' lang='lat' dir='ltr'>accessit</span> <span class='ocrx_word' id='word_1_49' title='bbox 1345 1199 1390 1270; x_wconf 92' lang='lat' dir='ltr'>ad</span> <span class='ocrx_word' id='word_1_50' title='bbox 1418 1196 1628 1270; x_wconf 87' lang='lat' dir='ltr'>Thadeeum</span> <span class='ocrx_word' id='word_1_51' title='bbox 1656 1196 1699 1268; x_wconf 93' lang='lat' dir='ltr'>de</span> <span class='ocrx_word' id='word_1_52' title='bbox 1729 1195 1885 1294; x_wconf 90' lang='lat' dir='ltr'>Pepulis,</span> <span class='ocrx_word' id='word_1_53' title='bbox 1916 1195 1984 1292; x_wconf 88' lang='lat' dir='ltr'>cui,</span> <span class='ocrx_word' id='word_1_54' title='bbox 2008 1219 2136 1293; x_wconf 88' lang='lat' dir='ltr'>procu-</span> 
     </span>
     <span class='ocr_line' id='line_1_6' title="bbox 312 1322 2137 1425; baseline -0.003 -27"><span class='ocrx_word' id='word_1_55' title='bbox 312 1326 447 1400; x_wconf 86' lang='lat' dir='ltr'>ratorio</span> <span class='ocrx_word' id='word_1_56' title='bbox 475 1328 617 1400; x_wconf 91' lang='lat' dir='ltr'>nomine</span> <span class='ocrx_word' id='word_1_57' title='bbox 648 1336 682 1401; x_wconf 92' lang='lat' dir='ltr'>et</span> <span class='ocrx_word' id='word_1_58' title='bbox 712 1335 751 1399; x_wconf 92' lang='lat' dir='ltr'>ut</span> <span class='ocrx_word' id='word_1_59' title='bbox 780 1352 898 1425; x_wconf 87' lang='lat' dir='ltr'>supra,</span> <span class='ocrx_word' id='word_1_60' title='bbox 920 1326 1038 1400; x_wconf 84' lang='lat' dir='ltr'>claves</span> <span class='ocrx_word' id='word_1_61' title='bbox 1067 1325 1229 1420; x_wconf 84' lang='lat' dir='ltr'>tradidit,</span> <span class='ocrx_word' id='word_1_62' title='bbox 1251 1333 1287 1398; x_wconf 89' lang='lat' dir='ltr'>et</span> <span class='ocrx_word' id='word_1_63' title='bbox 1307 1325 1452 1397; x_wconf 88' lang='lat' dir='ltr'>caedem</span> <span class='ocrx_word' id='word_1_64' title='bbox 1481 1322 1599 1394; x_wconf 84' lang='lat' dir='ltr'>claves</span> <span class='ocrx_word' id='word_1_65' title='bbox 1628 1349 1649 1395; x_wconf 93' lang='lat' dir='ltr'>a</span> <span class='ocrx_word' id='word_1_66' title='bbox 1679 1323 1818 1419; x_wconf 86' lang='lat' dir='ltr'>prefato</span> <span class='ocrx_word' id='word_1_67' title='bbox 1847 1322 2016 1396; x_wconf 85' lang='lat' dir='ltr'>Thadeeo</span> <span class='ocrx_word' id='word_1_68' title='bbox 2046 1330 2137 1394; x_wconf 90' lang='lat' dir='ltr'>tam-</span> 
     </span>
     <span class='ocr_line' id='line_1_7' title="bbox 314 1447 2136 1550; baseline -0.003 -26"><span class='ocrx_word' id='word_1_69' title='bbox 314 1475 420 1547; x_wconf 88' lang='lat' dir='ltr'>quam</span> <span class='ocrx_word' id='word_1_70' title='bbox 450 1451 600 1550; x_wconf 85' lang='lat' dir='ltr'>simplici</span> <span class='ocrx_word' id='word_1_71' title='bbox 628 1452 916 1528; x_wconf 81' lang='lat' dir='ltr'>administratore</span> <span class='ocrx_word' id='word_1_72' title='bbox 946 1459 982 1524; x_wconf 89' lang='lat' dir='ltr'>et</span> <span class='ocrx_word' id='word_1_73' title='bbox 1010 1451 1055 1524; x_wconf 86' lang='lat' dir='ltr'>ad</span> <span class='ocrx_word' id='word_1_74' title='bbox 1084 1450 1191 1522; x_wconf 90' lang='lat' dir='ltr'>finem</span> <span class='ocrx_word' id='word_1_75' title='bbox 1219 1458 1255 1522; x_wconf 90' lang='lat' dir='ltr'>et</span> <span class='ocrx_word' id='word_1_76' title='bbox 1284 1449 1451 1522; x_wconf 87' lang='lat' dir='ltr'>effectum</span> <span class='ocrx_word' id='word_1_77' title='bbox 1479 1448 1522 1520; x_wconf 88' lang='lat' dir='ltr'>de</span> <span class='ocrx_word' id='word_1_78' title='bbox 1552 1447 1678 1544; x_wconf 91' lang='lat' dir='ltr'>quibus</span> <span class='ocrx_word' id='word_1_79' title='bbox 1707 1447 1869 1544; x_wconf 87' lang='lat' dir='ltr'>superins</span> <span class='ocrx_word' id='word_1_80' title='bbox 1898 1447 2032 1520; x_wconf 88' lang='lat' dir='ltr'>dictum</span> <span class='ocrx_word' id='word_1_81' title='bbox 2064 1455 2136 1541; x_wconf 91' lang='lat' dir='ltr'>est,</span> 
     </span>
     <span class='ocr_line' id='line_1_8' title="bbox 313 1572 2142 1675; baseline -0.003 -27"><span class='ocrx_word' id='word_1_82' title='bbox 313 1577 544 1675; x_wconf 88' lang='lat' dir='ltr'>recipiuntur,</span> <span class='ocrx_word' id='word_1_83' title='bbox 571 1602 613 1651; x_wconf 89' lang='lat' dir='ltr'>ae</span> <span class='ocrx_word' id='word_1_84' title='bbox 640 1579 722 1651; x_wconf 92' lang='lat' dir='ltr'>inde</span> <span class='ocrx_word' id='word_1_85' title='bbox 751 1578 787 1650; x_wconf 92' lang='lat' dir='ltr'>in</span> <span class='ocrx_word' id='word_1_86' title='bbox 816 1577 920 1650; x_wconf 92' lang='lat' dir='ltr'>domo</span> <span class='ocrx_word' id='word_1_87' title='bbox 948 1575 1179 1650; x_wconf 87' lang='lat' dir='ltr'>habitationis</span> <span class='ocrx_word' id='word_1_88' title='bbox 1210 1574 1318 1672; x_wconf 89' lang='lat' dir='ltr'>ipsius</span> <span class='ocrx_word' id='word_1_89' title='bbox 1348 1573 1524 1668; x_wconf 86' lang='lat' dir='ltr'>Thadaei,</span> <span class='ocrx_word' id='word_1_90' title='bbox 1542 1572 1790 1669; x_wconf 89' lang='lat' dir='ltr'>praesentibus</span> <span class='ocrx_word' id='word_1_91' title='bbox 1819 1573 1968 1645; x_wconf 88' lang='lat' dir='ltr'>testibus</span> <span class='ocrx_word' id='word_1_92' title='bbox 1997 1580 2032 1644; x_wconf 90' lang='lat' dir='ltr'>et</span> <span class='ocrx_word' id='word_1_93' title='bbox 2062 1595 2142 1644; x_wconf 93' lang='lat' dir='ltr'>cum</span> 
     </span>
     <span class='ocr_line' id='line_1_9' title="bbox 314 1698 1760 1798; baseline -0.003 -24"><span class='ocrx_word' id='word_1_94' title='bbox 314 1703 433 1798; x_wconf 85' lang='lat' dir='ltr'>rogitu</span> <span class='ocrx_word' id='word_1_95' title='bbox 461 1703 612 1777; x_wconf 90' lang='lat' dir='ltr'>duorum</span> <span class='ocrx_word' id='word_1_96' title='bbox 640 1703 860 1777; x_wconf 88' lang='lat' dir='ltr'>notariorum</span> <span class='ocrx_word' id='word_1_97' title='bbox 889 1703 1089 1776; x_wconf 85' lang='lat' dir='ltr'>conlectum</span> <span class='ocrx_word' id='word_1_98' title='bbox 1118 1700 1238 1773; x_wconf 84' lang='lat' dir='ltr'>extitit</span> <span class='ocrx_word' id='word_1_99' title='bbox 1268 1698 1447 1797; x_wconf 89' lang='lat' dir='ltr'>publicum</span> <span class='ocrx_word' id='word_1_100' title='bbox 1475 1698 1760 1770; x_wconf 88' lang='lat' dir='ltr'>instrumentum.</span> 
     </span>
    </p>

    <p class='ocr_par' dir='ltr' id='par_1_3' title="bbox 312 1823 2140 2427">
     <span class='ocr_line' id='line_1_10' title="bbox 419 1823 2138 1922; baseline -0.005 -20"><span class='ocrx_word' id='word_1_101' title='bbox 419 1829 507 1902; x_wconf 85' lang='lat' dir='ltr'>Post</span> <span class='ocrx_word' id='word_1_102' title='bbox 535 1829 623 1902; x_wconf 87' lang='lat' dir='ltr'>haee</span> <span class='ocrx_word' id='word_1_103' title='bbox 652 1829 844 1902; x_wconf 87' lang='lat' dir='ltr'>Thadaeus</span> <span class='ocrx_word' id='word_1_104' title='bbox 872 1828 1055 1902; x_wconf 83' lang='lat' dir='ltr'>civitatem</span> <span class='ocrx_word' id='word_1_105' title='bbox 1082 1853 1128 1900; x_wconf 89' lang='lat' dir='ltr'>ex</span> <span class='ocrx_word' id='word_1_106' title='bbox 1155 1825 1379 1922; x_wconf 84' lang='lat' dir='ltr'>indulgentia.</span> <span class='ocrx_word' id='word_1_107' title='bbox 1408 1823 1583 1921; x_wconf 86' lang='lat' dir='ltr'>pontificis</span> <span class='ocrx_word' id='word_1_108' title='bbox 1612 1823 1840 1918; x_wconf 82' lang='lat' dir='ltr'>integerrime</span> <span class='ocrx_word' id='word_1_109' title='bbox 1865 1823 2138 1918; x_wconf 88' lang='lat' dir='ltr'>administravit,</span> 
     </span>
     <span class='ocr_line' id='line_1_11' title="bbox 312 1947 2140 2050; baseline -0.004 -23"><span class='ocrx_word' id='word_1_110' title='bbox 312 1961 353 2027; x_wconf 90' lang='lat' dir='ltr'>ut</span> <span class='ocrx_word' id='word_1_111' title='bbox 377 1955 453 2050; x_wconf 88' lang='lat' dir='ltr'>jam</span> <span class='ocrx_word' id='word_1_112' title='bbox 482 1954 637 2028; x_wconf 83' lang='lat' dir='ltr'>diximus</span> <span class='ocrx_word' id='word_1_113' title='bbox 665 1955 702 2027; x_wconf 93' lang='lat' dir='ltr'>in</span> <span class='ocrx_word' id='word_1_114' title='bbox 740 1955 816 2050; x_wconf 87' lang='lat' dir='ltr'>ejus</span> <span class='ocrx_word' id='word_1_115' title='bbox 855 1954 939 2027; x_wconf 84' lang='lat' dir='ltr'>vita.</span> <span class='ocrx_word' id='word_1_116' title='bbox 971 1953 1061 2026; x_wconf 84' lang='lat' dir='ltr'>Cum</span> <span class='ocrx_word' id='word_1_117' title='bbox 1096 1961 1217 2026; x_wconf 88' lang='lat' dir='ltr'>autem</span> <span class='ocrx_word' id='word_1_118' title='bbox 1249 1950 1465 2023; x_wconf 80' lang='lat' dir='ltr'>Benedictus</span> <span class='ocrx_word' id='word_1_119' title='bbox 1502 1949 1613 2046; x_wconf 66' lang='lat' dir='ltr'>XII,</span> <span class='ocrx_word' id='word_1_120' title='bbox 1646 1974 1738 2022; x_wconf 87' lang='lat' dir='ltr'>anno</span> <span class='ocrx_word' id='word_1_121' title='bbox 1776 1947 2053 2044; x_wconf 68' lang='lat' dir='ltr'>Medorum,</span> <span class='ocrx_word' id='word_1_122' title='bbox 2084 1947 2140 2020; x_wconf 87' lang='lat' dir='ltr'>die</span> 
     </span>
     <span class='ocr_line' id='line_1_12' title="bbox 312 2073 2138 2178; baseline -0.004 -26"><span class='ocrx_word' id='word_1_123' title='bbox 312 2079 438 2152; x_wconf 83' lang='lat' dir='ltr'>XXV.</span> <span class='ocrx_word' id='word_1_124' title='bbox 460 2079 582 2177; x_wconf 88' lang='lat' dir='ltr'>aprilis</span> <span class='ocrx_word' id='word_1_125' title='bbox 610 2080 831 2175; x_wconf 87' lang='lat' dir='ltr'>decessisset,</span> <span class='ocrx_word' id='word_1_126' title='bbox 853 2087 959 2176; x_wconf 89' lang='lat' dir='ltr'>atque</span> <span class='ocrx_word' id='word_1_127' title='bbox 981 2078 1017 2150; x_wconf 96' lang='lat' dir='ltr'>in</span> <span class='ocrx_word' id='word_1_128' title='bbox 1037 2079 1113 2176; x_wconf 90' lang='lat' dir='ltr'>ejus</span> <span class='ocrx_word' id='word_1_129' title='bbox 1132 2077 1249 2150; x_wconf 88' lang='lat' dir='ltr'>locum</span> <span class='ocrx_word' id='word_1_130' title='bbox 1270 2076 1439 2149; x_wconf 85' lang='lat' dir='ltr'>suffectus</span> <span class='ocrx_word' id='word_1_131' title='bbox 1459 2074 1583 2147; x_wconf 88' lang='lat' dir='ltr'>fuisset</span> <span class='ocrx_word' id='word_1_132' title='bbox 1604 2075 1726 2148; x_wconf 89' lang='lat' dir='ltr'>eodem</span> <span class='ocrx_word' id='word_1_133' title='bbox 1746 2098 1852 2170; x_wconf 86' lang='lat' dir='ltr'>anno,</span> <span class='ocrx_word' id='word_1_134' title='bbox 1870 2074 1931 2178; x_wconf 80' lang='lat' dir='ltr'>die</span> <span class='ocrx_word' id='word_1_135' title='bbox 1951 2073 2020 2146; x_wconf 88' lang='lat' dir='ltr'>IX.</span> <span class='ocrx_word' id='word_1_136' title='bbox 2042 2073 2138 2170; x_wconf 88' lang='lat' dir='ltr'>maij,</span> 
     </span>
     <span class='ocr_line' id='line_1_13' title="bbox 313 2199 2138 2302; baseline -0.004 -26"><span class='ocrx_word' id='word_1_137' title='bbox 313 2203 477 2277; x_wconf 84' lang='lat' dir='ltr'>Clemens</span> <span class='ocrx_word' id='word_1_138' title='bbox 506 2204 709 2302; x_wconf 79' lang='lat' dir='ltr'>V1.,hun0</span> <span class='ocrx_word' id='word_1_139' title='bbox 739 2205 848 2277; x_wconf 89' lang='lat' dir='ltr'>etiam</span> <span class='ocrx_word' id='word_1_140' title='bbox 875 2203 1078 2302; x_wconf 90' lang='lat' dir='ltr'>pontificem</span> <span class='ocrx_word' id='word_1_141' title='bbox 1107 2201 1317 2275; x_wconf 83' lang='lat' dir='ltr'>benevolum</span> <span class='ocrx_word' id='word_1_142' title='bbox 1345 2199 1470 2273; x_wconf 88' lang='lat' dir='ltr'>habuit</span> <span class='ocrx_word' id='word_1_143' title='bbox 1498 2199 1709 2296; x_wconf 70' lang='lat' dir='ltr'>Thadueus,</span> <span class='ocrx_word' id='word_1_144' title='bbox 1736 2199 2035 2295; x_wconf 86' lang='lat' dir='ltr'>quomadmodum</span> <span class='ocrx_word' id='word_1_145' title='bbox 2055 2222 2138 2272; x_wconf 88' lang='lat' dir='ltr'>oon-</span> 
     </span>
     <span class='ocr_line' id='line_1_14' title="bbox 316 2329 1112 2427; baseline -0.001 -26"><span class='ocrx_word' id='word_1_146' title='bbox 316 2336 411 2402; x_wconf 86' lang='lat' dir='ltr'>stare</span> <span class='ocrx_word' id='word_1_147' title='bbox 440 2337 558 2427; x_wconf 87' lang='lat' dir='ltr'>potest</span> <span class='ocrx_word' id='word_1_148' title='bbox 588 2355 633 2402; x_wconf 86' lang='lat' dir='ltr'>ex</span> <span class='ocrx_word' id='word_1_149' title='bbox 661 2329 772 2402; x_wconf 89' lang='lat' dir='ltr'>literis</span> <span class='ocrx_word' id='word_1_150' title='bbox 801 2353 892 2426; x_wconf 87' lang='lat' dir='ltr'>quae</span> <span class='ocrx_word' id='word_1_151' title='bbox 921 2329 1112 2425; x_wconf 89' lang='lat' dir='ltr'>incipiunt:</span> 
     </span>
    </p>

    <p class='ocr_par' dir='ltr' id='par_1_4' title="bbox 307 2447 2140 2930">
     <span class='ocr_line' id='line_1_15' title="bbox 425 2447 2139 2554; baseline -0.004 -27"><span class='ocrx_word' id='word_1_152' title='bbox 425 2452 581 2527; x_wconf 79' lang='lat' dir='ltr'>Clemens</span> <span class='ocrx_word' id='word_1_153' title='bbox 609 2456 805 2554; x_wconf 59' lang='lat' dir='ltr'>epscopus,</span> <span class='ocrx_word' id='word_1_154' title='bbox 834 2477 952 2526; x_wconf 86' lang='lat' dir='ltr'>seruus</span> <span class='ocrx_word' id='word_1_155' title='bbox 978 2477 1153 2526; x_wconf 86' lang='lat' dir='ltr'>seruorum</span> <span class='ocrx_word' id='word_1_156' title='bbox 1184 2452 1273 2549; x_wconf 89' lang='lat' dir='ltr'>Dei,</span> <span class='ocrx_word' id='word_1_157' title='bbox 1304 2452 1439 2524; x_wconf 83' lang='lat' dir='ltr'>dilectis</span> <span class='ocrx_word' id='word_1_158' title='bbox 1469 2450 1557 2546; x_wconf 80' lang='lat' dir='ltr'>filiis</span> <span class='ocrx_word' id='word_1_159' title='bbox 1585 2449 1695 2522; x_wconf 90' lang='lat' dir='ltr'>nobili</span> <span class='ocrx_word' id='word_1_160' title='bbox 1723 2451 1797 2522; x_wconf 87' lang='lat' dir='ltr'>uiro</span> <span class='ocrx_word' id='word_1_161' title='bbox 1832 2448 1974 2522; x_wconf 83' lang='lat' dir='ltr'>Tbadeo</span> <span class='ocrx_word' id='word_1_162' title='bbox 2004 2447 2045 2520; x_wconf 89' lang='lat' dir='ltr'>de</span> <span class='ocrx_word' id='word_1_163' title='bbox 2076 2447 2139 2520; x_wconf 90' lang='lat' dir='ltr'>Pe·</span> 
     </span>
     <span class='ocr_line' id='line_1_16' title="bbox 307 2575 2140 2680; baseline -0.003 -27"><span class='ocrx_word' id='word_1_164' title='bbox 307 2581 418 2680; x_wconf 80' lang='lat' dir='ltr'>pulis,</span> <span class='ocrx_word' id='word_1_165' title='bbox 446 2582 580 2679; x_wconf 70' lang='lat' dir='ltr'>aerenti</span> <span class='ocrx_word' id='word_1_166' title='bbox 608 2579 954 2653; x_wconf 81' lang='lat' dir='ltr'>administrationem</span> <span class='ocrx_word' id='word_1_167' title='bbox 976 2581 1120 2677; x_wconf 79' lang='lat' dir='ltr'>jartam</span> <span class='ocrx_word' id='word_1_168' title='bbox 1148 2585 1345 2650; x_wconf 87' lang='lat' dir='ltr'>nostrorum</span> <span class='ocrx_word' id='word_1_169' title='bbox 1373 2575 1549 2671; x_wconf 84' lang='lat' dir='ltr'>fiscalium</span> <span class='ocrx_word' id='word_1_170' title='bbox 1579 2577 1617 2648; x_wconf 89' lang='lat' dir='ltr'>in</span> <span class='ocrx_word' id='word_1_171' title='bbox 1646 2577 1802 2671; x_wconf 85' lang='lat' dir='ltr'>ciuitate,</span> <span class='ocrx_word' id='word_1_172' title='bbox 1833 2576 1997 2647; x_wconf 87' lang='lat' dir='ltr'>comitatu</span> <span class='ocrx_word' id='word_1_173' title='bbox 2027 2583 2057 2647; x_wconf 92' lang='lat' dir='ltr'>et</span> <span class='ocrx_word' id='word_1_174' title='bbox 2085 2575 2140 2648; x_wconf 86' lang='lat' dir='ltr'>di·</span> 
     </span>
     <span class='ocr_line' id='line_1_17' title="bbox 312 2699 2139 2802; baseline -0.003 -23"><span class='ocrx_word' id='word_1_175' title='bbox 312 2707 435 2779; x_wconf 87' lang='lat' dir='ltr'>strietu</span> <span class='ocrx_word' id='word_1_176' title='bbox 473 2704 761 2802; x_wconf 81' lang='lat' dir='ltr'>bononiensibus,</span> <span class='ocrx_word' id='word_1_177' title='bbox 792 2728 833 2777; x_wconf 87' lang='lat' dir='ltr'>ao</span> <span class='ocrx_word' id='word_1_178' title='bbox 875 2701 1081 2800; x_wconf 76' lang='lat' dir='ltr'>Communi,</span> <span class='ocrx_word' id='word_1_179' title='bbox 1122 2703 1349 2776; x_wconf 86' lang='lat' dir='ltr'>Universitati</span> <span class='ocrx_word' id='word_1_180' title='bbox 1386 2706 1416 2774; x_wconf 86' lang='lat' dir='ltr'>et</span> <span class='ocrx_word' id='word_1_181' title='bbox 1452 2700 1585 2799; x_wconf 77' lang='lat' dir='ltr'>Populo</span> <span class='ocrx_word' id='word_1_182' title='bbox 1614 2699 1901 2795; x_wconf 83' lang='lat' dir='ltr'>bononiensibus,</span> <span class='ocrx_word' id='word_1_183' title='bbox 1931 2699 2079 2773; x_wconf 85' lang='lat' dir='ltr'>salutem</span> <span class='ocrx_word' id='word_1_184' title='bbox 2109 2707 2139 2773; x_wconf 84' lang='lat' dir='ltr'>et</span> 
     </span>
     <span class='ocr_line' id='line_1_18' title="bbox 315 2830 847 2930; baseline -0.004 -26"><span class='ocrx_word' id='word_1_185' title='bbox 315 2831 538 2930; x_wconf 81' lang='lat' dir='ltr'>apostolicam</span> <span class='ocrx_word' id='word_1_186' title='bbox 568 2830 847 2904; x_wconf 85' lang='lat' dir='ltr'>benedictionem.</span> 
     </span>
    </p>

    <p class='ocr_par' dir='ltr' id='par_1_5' title="bbox 422 2949 1460 3051">
     <span class='ocr_line' id='line_1_19' title="bbox 422 2949 1460 3051; baseline -0.004 -24"><span class='ocrx_word' id='word_1_187' title='bbox 422 2955 557 3029; x_wconf 87' lang='lat' dir='ltr'>Datum</span> <span class='ocrx_word' id='word_1_188' title='bbox 585 2955 776 3051; x_wconf 85' lang='lat' dir='ltr'>Avenioni,</span> <span class='ocrx_word' id='word_1_189' title='bbox 806 2955 894 3028; x_wconf 85' lang='lat' dir='ltr'><strong>XII.</strong></span> <span class='ocrx_word' id='word_1_190' title='bbox 925 2953 1096 3028; x_wconf 85' lang='lat' dir='ltr'>kalendas</span> <span class='ocrx_word' id='word_1_191' title='bbox 1119 2953 1223 3049; x_wconf 91' lang='lat' dir='ltr'>junii,</span> <span class='ocrx_word' id='word_1_192' title='bbox 1254 2977 1346 3024; x_wconf 89' lang='lat' dir='ltr'>anno</span> <span class='ocrx_word' id='word_1_193' title='bbox 1375 2952 1404 3024; x_wconf 93' lang='grc' dir='ltr'>Ι.</span> <span class='ocrx_word' id='word_1_194' title='bbox 1422 2949 1460 3014; x_wconf 70' lang='grc'>(1)</span> 
     </span>
    </p>

    <p class='ocr_par' dir='ltr' id='par_1_6' title="bbox 315 3075 2139 3280">
     <span class='ocr_line' id='line_1_20' title="bbox 422 3075 2139 3178; baseline -0.003 -25"><span class='ocrx_word' id='word_1_195' title='bbox 422 3080 653 3154; x_wconf 82' lang='lat' dir='ltr'>Confirmatio</span> <span class='ocrx_word' id='word_1_196' title='bbox 683 3080 844 3154; x_wconf 87' lang='lat' dir='ltr'>Thadaei</span> <span class='ocrx_word' id='word_1_197' title='bbox 872 3081 915 3154; x_wconf 92' lang='lat' dir='ltr'>de</span> <span class='ocrx_word' id='word_1_198' title='bbox 944 3079 1088 3178; x_wconf 89' lang='lat' dir='ltr'>Pepulis</span> <span class='ocrx_word' id='word_1_199' title='bbox 1115 3080 1152 3151; x_wconf 90' lang='lat' dir='ltr'>in</span> <span class='ocrx_word' id='word_1_200' title='bbox 1180 3078 1505 3152; x_wconf 88' lang='lat' dir='ltr'>administratorem</span> <span class='ocrx_word' id='word_1_201' title='bbox 1530 3077 1666 3173; x_wconf 90' lang='lat' dir='ltr'>jurium</span> <span class='ocrx_word' id='word_1_202' title='bbox 1693 3075 1864 3148; x_wconf 83' lang='lat' dir='ltr'>fiscalium</span> <span class='ocrx_word' id='word_1_203' title='bbox 1898 3083 2043 3150; x_wconf 88' lang='lat' dir='ltr'>sanctae</span> <span class='ocrx_word' id='word_1_204' title='bbox 2081 3100 2139 3149; x_wconf 91' lang='lat' dir='ltr'>ro-</span> 
     </span>
     <span class='ocr_line' id='line_1_21' title="bbox 315 3197 1794 3280; baseline -0.005 0"><span class='ocrx_word' id='word_1_205' title='bbox 315 3231 441 3280; x_wconf 87' lang='lat' dir='ltr'>manae</span> <span class='ocrx_word' id='word_1_206' title='bbox 469 3206 651 3280; x_wconf 79' lang='lat' dir='ltr'>Ecclesiae</span> <span class='ocrx_word' id='word_1_207' title='bbox 679 3206 715 3278; x_wconf 91' lang='lat' dir='ltr'>in</span> <span class='ocrx_word' id='word_1_208' title='bbox 744 3207 889 3279; x_wconf 84' lang='lat' dir='ltr'>civitate</span> <span class='ocrx_word' id='word_1_209' title='bbox 918 3214 954 3278; x_wconf 87' lang='lat' dir='ltr'>et</span> <span class='ocrx_word' id='word_1_210' title='bbox 983 3205 1147 3279; x_wconf 85' lang='lat' dir='ltr'>districtu</span> <span class='ocrx_word' id='word_1_211' title='bbox 1175 3203 1356 3277; x_wconf 86' lang='lat' dir='ltr'>Bononiae</span> <span class='ocrx_word' id='word_1_212' title='bbox 1385 3203 1430 3275; x_wconf 89' lang='lat' dir='ltr'>ad</span> <span class='ocrx_word' id='word_1_213' title='bbox 1460 3202 1556 3275; x_wconf 88' lang='lat' dir='ltr'>eliud</span> <span class='ocrx_word' id='word_1_214' title='bbox 1584 3197 1794 3274; x_wconf 87' lang='lat' dir='ltr'>triennium:</span> 
     </span>
    </p>

    <p class='ocr_par' dir='ltr' id='par_1_7' title="bbox 316 3326 2141 3806">
     <span class='ocr_line' id='line_1_22' title="bbox 429 3326 2138 3430; baseline -0.004 -26"><span class='ocrx_word' id='word_1_215' title='bbox 429 3329 585 3404; x_wconf 76' lang='lat' dir='ltr'>Clemens</span> <span class='ocrx_word' id='word_1_216' title='bbox 612 3333 937 3430; x_wconf 61' lang='lat' dir='ltr'>episcopusservus</span> <span class='ocrx_word' id='word_1_217' title='bbox 962 3354 1136 3404; x_wconf 89' lang='lat' dir='ltr'>seruorum</span> <span class='ocrx_word' id='word_1_218' title='bbox 1167 3329 1246 3425; x_wconf 89' lang='lat' dir='ltr'>Dei,</span> <span class='ocrx_word' id='word_1_219' title='bbox 1266 3328 1388 3400; x_wconf 84' lang='lat' dir='ltr'>diiecto</span> <span class='ocrx_word' id='word_1_220' title='bbox 1415 3326 1490 3422; x_wconf 78' lang='lat' dir='ltr'>filio</span> <span class='ocrx_word' id='word_1_221' title='bbox 1519 3327 1630 3400; x_wconf 86' lang='lat' dir='ltr'>nobili</span> <span class='ocrx_word' id='word_1_222' title='bbox 1658 3329 1733 3400; x_wconf 86' lang='lat' dir='ltr'>aira</span> <span class='ocrx_word' id='word_1_223' title='bbox 1761 3326 1903 3401; x_wconf 83' lang='lat' dir='ltr'>Tbadeo</span> <span class='ocrx_word' id='word_1_224' title='bbox 1923 3327 1964 3399; x_wconf 89' lang='lat' dir='ltr'>de</span> <span class='ocrx_word' id='word_1_225' title='bbox 1985 3326 2138 3424; x_wconf 71' lang='lat' dir='ltr'>Penatis,</span> 
     </span>
     <span class='ocr_line' id='line_1_23' title="bbox 317 3441 2141 3557; baseline -0.003 -27"><span class='ocrx_word' id='word_1_226' title='bbox 317 3459 430 3557; x_wconf 63' lang='lat' dir='ltr'>lenum</span> <span class='ocrx_word' id='word_1_227' title='bbox 460 3457 610 3553; x_wconf 83' lang='lat' dir='ltr'>doctori,</span> <span class='ocrx_word' id='word_1_228' title='bbox 640 3458 707 3529; x_wconf 87' lang='lat' dir='ltr'>ciui</span> <span class='ocrx_word' id='word_1_229' title='bbox 730 3441 956 3552; x_wconf 37' lang='lat' dir='ltr'>&#39;borroniensu</span> <span class='ocrx_word' id='word_1_230' title='bbox 984 3457 1119 3554; x_wconf 69' lang='lat' dir='ltr'>yerenti</span> <span class='ocrx_word' id='word_1_231' title='bbox 1147 3455 1491 3528; x_wconf 79' lang='lat' dir='ltr'>administrationem</span> <span class='ocrx_word' id='word_1_232' title='bbox 1522 3454 1667 3550; x_wconf 85' lang='lat' dir='ltr'>jurium</span> <span class='ocrx_word' id='word_1_233' title='bbox 1702 3451 1899 3548; x_wconf 84' lang='lat' dir='ltr'>fiscalium,</span> <span class='ocrx_word' id='word_1_234' title='bbox 1928 3453 1978 3525; x_wconf 85' lang='lat' dir='ltr'>ad</span> <span class='ocrx_word' id='word_1_235' title='bbox 2013 3475 2076 3525; x_wconf 90' lang='lat' dir='ltr'>nos</span> <span class='ocrx_word' id='word_1_236' title='bbox 2111 3458 2141 3524; x_wconf 92' lang='lat' dir='ltr'>et</span> 
     </span>
     <span class='ocr_line' id='line_1_24' title="bbox 316 3577 2141 3675; baseline -0.003 -21"><span class='ocrx_word' id='word_1_237' title='bbox 316 3606 502 3656; x_wconf 90' lang='lat' dir='ltr'>romanam</span> <span class='ocrx_word' id='word_1_238' title='bbox 531 3581 723 3655; x_wconf 79' lang='lat' dir='ltr'>Ecclesiam</span> <span class='ocrx_word' id='word_1_239' title='bbox 753 3584 792 3655; x_wconf 88' lang='lat' dir='ltr'>in</span> <span class='ocrx_word' id='word_1_240' title='bbox 821 3584 957 3655; x_wconf 85' lang='lat' dir='ltr'>ciuitate</span> <span class='ocrx_word' id='word_1_241' title='bbox 977 3588 1007 3653; x_wconf 93' lang='lat' dir='ltr'>et</span> <span class='ocrx_word' id='word_1_242' title='bbox 1026 3583 1191 3653; x_wconf 79' lang='lat' dir='ltr'>aorrritatu</span> <span class='ocrx_word' id='word_1_243' title='bbox 1212 3587 1243 3652; x_wconf 88' lang='lat' dir='ltr'>et</span> <span class='ocrx_word' id='word_1_244' title='bbox 1262 3579 1424 3651; x_wconf 82' lang='lat' dir='ltr'>districtu</span> <span class='ocrx_word' id='word_1_245' title='bbox 1445 3577 1713 3651; x_wconf 86' lang='lat' dir='ltr'>bononiensibus</span> <span class='ocrx_word' id='word_1_246' title='bbox 1731 3579 1972 3675; x_wconf 72' lang='lat' dir='ltr'>spectantium,</span> <span class='ocrx_word' id='word_1_247' title='bbox 1993 3578 2141 3650; x_wconf 85' lang='lat' dir='ltr'>salutern</span> 
     </span>
     <span class='ocr_line' id='line_1_25' title="bbox 316 3707 907 3806; baseline 0 -26"><span class='ocrx_word' id='word_1_248' title='bbox 316 3714 348 3780; x_wconf 89' lang='lat' dir='ltr'>et</span> <span class='ocrx_word' id='word_1_249' title='bbox 375 3708 599 3806; x_wconf 76' lang='lat' dir='ltr'>apostoticam</span> <span class='ocrx_word' id='word_1_250' title='bbox 628 3707 907 3781; x_wconf 83' lang='lat' dir='ltr'>benedictionem.</span> 
     </span>
    </p>
   </div>
   <div class='ocr_carea' id='block_1_3' title="bbox 423 3826 1340 3930">
    <p class='ocr_par' dir='ltr' id='par_1_8' title="bbox 423 3826 1340 3930">
     <span class='ocr_line' id='line_1_26' title="bbox 423 3826 1340 3930; baseline -0.007 -24"><span class='ocrx_word' id='word_1_251' title='bbox 423 3833 559 3906; x_wconf 89' lang='lat' dir='ltr'>Datum</span> <span class='ocrx_word' id='word_1_252' title='bbox 587 3833 777 3928; x_wconf 86' lang='lat' dir='ltr'>Aveuioni,</span> <span class='ocrx_word' id='word_1_253' title='bbox 808 3833 875 3906; x_wconf 84' lang='lat' dir='ltr'>IV.</span> <span class='ocrx_word' id='word_1_254' title='bbox 905 3832 984 3905; x_wconf 90' lang='lat' dir='ltr'>idus</span> <span class='ocrx_word' id='word_1_255' title='bbox 1008 3831 1100 3930; x_wconf 90' lang='lat' dir='ltr'>julii,</span> <span class='ocrx_word' id='word_1_256' title='bbox 1130 3854 1223 3903; x_wconf 91' lang='lat' dir='ltr'>anno</span> <span class='ocrx_word' id='word_1_257' title='bbox 1253 3830 1282 3902; x_wconf 90' lang='lat' dir='ltr'>I.</span> <span class='ocrx_word' id='word_1_258' title='bbox 1301 3826 1340 3892; x_wconf 78' lang='lat'>(2)</span> 
     </span>
    </p>
   </div>
   <div class='ocr_carea' id='block_1_4' title="bbox 400 6496 1949 6569">
    <p class='ocr_par' dir='ltr' id='par_1_9' title="bbox 400 6496 1949 6569">
     <span class='ocr_line' id='line_1_27' title="bbox 400 6496 1949 6569; baseline -0.001 -19"><span class='ocrx_word' id='word_1_259' title='bbox 400 6498 438 6566; x_wconf 85' lang='lat'>(1)</span> <span class='ocrx_word' id='word_1_260' title='bbox 457 6497 528 6552; x_wconf 83' lang='lat' dir='ltr'>Vide</span> <span class='ocrx_word' id='word_1_261' title='bbox 547 6499 598 6550; x_wconf 87' lang='lat' dir='ltr'>sub</span> <span class='ocrx_word' id='word_1_262' title='bbox 617 6515 691 6551; x_wconf 92' lang='lat' dir='ltr'>num.</span> <span class='ocrx_word' id='word_1_263' title='bbox 710 6498 844 6567; x_wconf 72' lang='lat' dir='ltr'>amr,</span> <span class='ocrx_word' id='word_1_264' title='bbox 863 6517 918 6554; x_wconf 80' lang='lat' dir='ltr'>oar.</span> <span class='ocrx_word' id='word_1_265' title='bbox 939 6503 999 6553; x_wconf 79' lang='grc'><strong>137.</strong></span> <span class='ocrx_word' id='word_1_266' title='bbox 1336 6502 1375 6569; x_wconf 85' lang='lat'>(2)</span> <span class='ocrx_word' id='word_1_267' title='bbox 1395 6499 1463 6552; x_wconf 84' lang='lat' dir='ltr'>Vide</span> <span class='ocrx_word' id='word_1_268' title='bbox 1484 6499 1534 6551; x_wconf 87' lang='lat' dir='ltr'>sub</span> <span class='ocrx_word' id='word_1_269' title='bbox 1554 6516 1627 6552; x_wconf 92' lang='lat' dir='ltr'>num.</span> <span class='ocrx_word' id='word_1_270' title='bbox 1645 6496 1793 6563; x_wconf 56' lang='lat' dir='ltr'><strong>LXXIII„</strong></span> <span class='ocrx_word' id='word_1_271' title='bbox 1814 6513 1868 6549; x_wconf 81' lang='lat' dir='ltr'>car.</span> <span class='ocrx_word' id='word_1_272' title='bbox 1889 6497 1949 6548; x_wconf 81' lang='lat'>138.</span> 
     </span>
    </p>
   </div>
   <div class='ocr_carea' id='block_1_5' title="bbox 0 0 2752 7748">
    <p class='ocr_par' dir='ltr' id='par_1_10' title="bbox 0 0 2752 7748">
     <span class='ocr_line' id='line_1_28' title="bbox 0 0 2752 7748; baseline 0 0"><span class='ocrx_word' id='word_1_273' title='bbox 0 0 2752 7748; x_wconf 95' lang='lat' dir='ltr'> </span> 
     </span>
    </p>
   </div>
  </div>
 </body>
</html>
