5492 7750
625 615 674 687 50
1415 632 1658 685 nonunarrrs

622 813 676 856 res
699 791 879 877 peculiares
904 791 1038 854 mobiles
1062 796 1094 854 et
1118 789 1298 854 innnobiles
1322 798 1354 853 et
1379 789 1441 852 alie
1466 809 1684 874 quascumque
1708 789 1811 874 servi,
1835 809 1893 852 seu
1916 788 1962 853 hii
1986 790 2042 876 qui
2064 789 2167 854 habiti
2196 796 2271 854 sunt
2295 811 2352 876 pro
2376 811 2444 854 ma·

624 899 755 982 xiuetis,
780 897 952 962 habuerint
975 896 1061 982 apud
1085 919 1119 960 se
1144 897 1197 962 rel
1221 897 1301 961 alios
1325 918 1383 982 pro
1408 895 1464 978 eis,
1479 896 1618 960 debeant
1641 896 1741 961 libere
1765 916 1932 960 remanere
1957 895 2041 982 apud
2067 896 2214 960 dominos
2237 917 2363 981 eorum,
2387 917 2445 961 seu

623 1006 752 1070 habitos
774 1027 832 1091 pro
857 1003 1010 1087 dominis,
1036 1010 1068 1067 et
1091 1003 1192 1068 libere
1218 1010 1416 1068 remaneant.
1445 1001 1525 1069 [tem
1549 1003 1634 1090 quod
1662 1003 1812 1068 Potestas
1842 1011 1874 1068 et
1906 1002 2102 1089 Capitaneus
2128 1003 2182 1090 qni
2207 1025 2265 1090 pro
2300 1010 2444 1090 tempore

624 1111 754 1194 fuerint,
778 1133 835 1175 seu
860 1111 942 1174 alter
966 1131 1087 1192 eorum,
1111 1110 1255 1174 habeant
1277 1110 1416 1174 liberum
1442 1109 1807 1174 arbitrium-summarie
1843 1109 2026 1195 inquirendi
2056 1110 2125 1174 sine
2149 1109 2259 1195 aliqua
2287 1109 2369 1194 juris
2393 1131 2444 1174 so·

624 1219 823 1306 lempnitate,
840 1217 881 1282 ad
904 1217 1093 1281 instantiam
1118 1217 1330 1300 dominorum,
1349 1217 1387 1280 de
1412 1217 1547 1303 peculiis
1570 1224 1602 1281 et
1624 1217 1721 1281 rebus
1746 1217 1898 1304 predictis
1922 1217 1978 1280 nbi
2002 1217 2081 1300 sint,
2105 1224 2138 1282 et
2163 1217 2250 1303 apud
2273 1238 2352 1302 quos
2376 1217 2443 1280 sire

623 1327 656 1390 in
681 1327 737 1408 eis,
762 1327 815 1390 rcl
838 1325 909 1390 aliis
934 1325 1082 1389 dicantur
1106 1326 1319 1388 iustrumenta
1350 1324 1532 1410 conscripta
1548 1324 1600 1388 rel
1624 1345 1699 1407 non,
1717 1325 1784 1388 sire
1808 1324 1894 1411 apnd
1911 1345 2145 1410 quemcumque
2169 1345 2239 1388 csse
2263 1323 2446 1388 dicerentur

623 1455 824 1520 quocumque
854 1433 948 1497 modo
972 1440 1004 1496 et
1028 1454 1070 1495 ex
1094 1453 1295 1517 quacumque
1328 1453 1425 1495 causa
1451 1453 1521 1496 esse
1545 1431 1597 1496 rel
1620 1431 1737 1496 fuisse:
1763 1437 1795 1495 et
1826 1431 1853 1494 si
1889 1431 2077 1518 apparuerit
2112 1430 2197 1517 qnod
2231 1430 2445 1516 pertinuerint

623 1542 664 1605 ad
688 1563 798 1606 servos
822 1541 875 1606 rel
899 1540 940 1604 ad
965 1539 1121 1622 dominos,
1146 1560 1203 1602 seu
1227 1539 1354 1603 habitos
1379 1560 1437 1624 pro
1461 1538 1598 1603 dominis
1622 1558 1680 1624 per
1707 1559 1773 1621 eos,
1798 1538 1915 1602 debeat
1937 1538 2087 1603 Potestas
2111 1545 2144 1603 et
2168 1537 2363 1624 Capitaneus
2387 1559 2444 1602 seu

621 1649 703 1712 alter
727 1669 838 1712 eorum
860 1649 967 1712 lacere
991 1647 1064 1710 illas
1087 1668 1138 1710 res
1163 1646 1299 1728 restitui,
1325 1647 1385 1710 nisi
1409 1645 1448 1710 de
1475 1666 1633 1710 consensu
1650 1653 1682 1710 et
1705 1646 1744 1710 de
1768 1645 1934 1710 voluntate
1955 1645 2158 1710 dominorum
2181 1651 2213 1708 et
2240 1644 2443 1710 dominarum

621 1757 654 1819 in
678 1757 759 1820 alios
783 1756 1015 1843 pervenissent,
1040 1755 1217 1818 secundum
1235 1754 1319 1839 quod
1344 1753 1403 1840 ipsi
1428 1753 1587 1817 Potestati
1610 1760 1643 1817 ot
1667 1753 1844 1840 Capitaneo
1861 1752 2022 1817 videbitur
2039 1752 2080 1816 ad
2097 1773 2208 1817 eorum
2231 1752 2441 1816 voluntatem.

621 1863 706 1928 Item
730 1863 816 1950 quod
840 1863 976 1949 quilibet
1000 1862 1082 1926 alins
1106 1863 1162 1948 qui
1184 1861 1305 1926 habeat
1328 1861 1379 1924 rel
1404 1860 1554 1924 habuerit
1577 1860 1617 1924 de
1641 1859 1776 1946 peculiis
1799 1859 2027 1946 predictorum,
2061 1880 2119 1924 seu
2149 1861 2245 1924 rebus
2279 1859 2442 1946 pertinen·

620 1970 707 2034 tibus
731 1969 773 2034 ad
797 1969 952 2052 dominos,
977 1991 1034 2033 seu
1057 1969 1185 2033 habitos
1208 1989 1267 2054 pro
1291 1967 1427 2030 dominis
1452 1987 1614 2031 excausa
1642 1967 1780 2053 depositi
1803 1966 1855 2030 rel
1879 1967 1945 2031 alia
1968 1987 2180 2053 quacumque,
2202 1966 2229 2030 si
2253 1987 2317 2030 non
2340 1966 2442 2030 mani-

620 2076 788 2141 festaverit
810 2077 894 2140 infra
917 2076 997 2140 duos
1023 2097 1147 2140 menses
1170 2081 1243 2162 post
1267 2074 1399 2138 laudum
1423 2075 1544 2138 factum
1567 2095 1587 2138 a
1609 2074 1776 2139 Potestato
1801 2081 1834 2137 et
1858 2073 2035 2159 Capitaneo
2059 2073 2099 2138 ds
2122 2074 2224 2138 servis
2247 2082 2280 2138 et
2305 2073 2441 2156 anzillis,

620 2205 679 2249 seu
702 2184 821 2249 habitis
845 2205 902 2269 pro
927 2184 1028 2246 servis
1052 2189 1084 2246 et
1108 2183 1233 2246 anzillis
1257 2204 1314 2246 seu
1339 2181 1528 2264 rnaxinatis,
1553 2181 1708 2264 dominis,
1732 2203 1789 2245 seu
1823 2181 1942 2245 habitis
1969 2201 2028 2266 pro
2057 2180 2212 2264 dominis,
2237 2179 2440 2264 eorumdem,

621 2313 740 2378 penam
764 2291 855 2379 dupli
877 2292 958 2376 ejus,
984 2290 1024 2354 de
1049 2311 1111 2376 quo
1145 2290 1355 2376 apparuerint
1390 2289 1510 2352 habere
1533 2288 1586 2352 rel
1616 2288 1784 2370 habuisse,
1808 2288 1993 2374 persolvere
2028 2287 2249 2374 compellatur.
2285 2287 2443 2353 Medietas

621 2401 714 2484 cujus
738 2401 779 2464 sit
803 2399 989 2464 Communis
1014 2405 1046 2462 et
1070 2399 1135 2461 alia
1158 2397 1378 2477 dominornm3
1403 2396 1498 2460 etde
1523 2396 1676 2481 predictis
1698 2395 1801 2482 possit
1825 2395 1912 2460 omni
1942 2401 2087 2482 tempore
2120 2395 2240 2481 inquiri
2262 2402 2294 2458 et
2325 2395 2441 2481 puniri.

619 2506 672 2571 Ita
697 2507 781 2592 quod
805 2507 950 2593 predicta
974 2527 1101 2592 semper
1124 2513 1313 2569 remaneant
1337 2506 1369 2567 in
1394 2505 1527 2568 arbitrio
1551 2503 1726 2568 Potestatis
1750 2509 1783 2567 et
1818 2503 1998 2589 Capitanei.
2022 2503 2106 2568 Item
2142 2509 2294 2590 parentes
2328 2503 2440 2584 liberi,

621 2616 676 2700 qui
698 2615 820 2679 habent
843 2615 984 2700 aliquem
1008 2614 1060 2677 vel
1085 2613 1210 2698 aliquos
1234 2612 1316 2676 filios
1341 2612 1391 2675 vel
1416 2611 1509 2694 filias,
1533 2633 1643 2675 servos
1667 2631 1725 2674 seu
1749 2611 1894 2695 ancillas,
1919 2611 1987 2674 sire
2009 2609 2049 2675 de
2073 2612 2250 2694 maxinata,
2270 2617 2441 2674 teneantur

622 2729 654 2786 ct
677 2723 817 2786 debeant
842 2720 907 2802 illi,
933 2722 985 2784 rel
1009 2721 1072 2782 illis
1096 2720 1170 2783 liliis
1194 2719 1246 2784 rel
1270 2719 1398 2783 filiabus
1426 2719 1465 2782 de
1497 2719 1563 2782 suis
1596 2719 1689 2782 bonis
1718 2718 1795 2782 dare
1829 2723 1957 2804 partem
1989 2719 2230 2803 contingentem
2257 2739 2316 2804 pro
2346 2717 2442 2782 virili.

618 2832 702 2896 Item
726 2829 870 2911 laudant,
896 2829 1092 2892 sententiaut
1116 2834 1148 2891 et
1169 2827 1316 2911 judicant
1339 2827 1372 2891 in
1397 2825 1557 2890 communi
1581 2826 1762 2908 concordia,
1788 2825 1873 2910 quod
1897 2826 1982 2890 servi
2008 2831 2041 2890 et
2071 2825 2210 2908 ancille,
2246 2846 2304 2889 seu
2338 2825 2442 2890 habiti

617 2959 677 3025 pro
701 2937 802 3001 servis
826 2944 858 3000 et
882 2936 1066 3017 mesinatis,
1091 2935 1145 3020 qui
1169 2941 1203 2998 et
1226 2955 1287 3021 que
1312 2933 1515 3020 reperiuntur
1539 2933 1650 3018 scripti
1672 2933 1706 2997 in
1737 2933 1819 2997 libro
1844 2933 1908 2996 mei
1930 2932 2080 2996 Ubertini
2115 2932 2242 3015 notarii,
2278 2953 2321 2996 ex
2356 2953 2442 2996 nunc

618 3047 682 3108 sint
705 3044 799 3108 liberi
822 3051 854 3108 et
878 3043 1013 3124 franchi,
1038 3050 1070 3106 et
1092 3049 1254 3126 ponantur
1278 3041 1309 3104 in
1334 3040 1415 3104 libro
1440 3040 1622 3104 fumantum
1646 3047 1678 3104 et
1702 3041 1839 3104 subeant
1863 3041 1985 3104 honera
2007 3040 2193 3105 Communis
2216 3040 2299 3104 sient
2319 3039 2442 3104 faciunt

617 3154 722 3236 liberi,
748 3153 840 3217 salva
865 3172 991 3237 semper
1015 3150 1092 3236 ipsis
1117 3149 1277 3214 Potestati
1300 3156 1332 3212 et
1355 3149 1532 3235 Capitaneo
1557 3146 1785 3212 dilucidatione
1814 3154 1846 3211 et
1869 3147 2088 3212 declaratione
2111 3155 2143 3211 et
2178 3146 2442 3233 interpretatione

618 3261 651 3324 in
674 3260 827 3347 predictis
851 3265 883 3323 et
907 3259 993 3322 circa
1017 3257 1178 3343 predicta,
1204 3257 1230 3320 si
1255 3277 1318 3341 qua
1342 3255 1500 3319 dubitatio
1525 3255 1576 3318 vel
1601 3255 1779 3319 obscuritas
1815 3261 2011 3341 appareret3
2035 3255 2129 3318 etde
2165 3255 2318 3340 predictis
2341 3254 2442 3318 omni·

617 3369 678 3432 bus
702 3375 734 3432 et
758 3366 894 3452 singulis
920 3365 1151 3430 ordinamcutis
1175 3385 1272 3449 super
1296 3363 1355 3428 hoc
1380 3363 1473 3426 factis
1498 3369 1529 3426 et
1553 3384 1650 3447 snper
1679 3362 1772 3426 dictis
1803 3361 1953 3448 capitulis
1983 3362 2040 3426 fiat
2072 3361 2236 3426 Statutum
2266 3361 2441 3448 precisum,

616 3476 656 3539 de
681 3496 744 3560 quo
767 3481 917 3538 teneatur
939 3472 1089 3537 Potestas
1113 3479 1145 3536 et
1169 3471 1375 3557 Capitaneus,
1394 3470 1521 3534 anniani
1545 3477 1577 3535 et
1601 3469 1758 3552 consules,
1776 3470 1832 3555 qui
1847 3491 1931 3533 nunc
1948 3475 2023 3532 sunt
2038 3469 2090 3532 rel
2114 3469 2147 3532 in
2170 3469 2315 3533 futurum
2335 3475 2439 3551 erunt,

616 3589 648 3646 et
671 3588 811 3669 ponatur
834 3581 866 3644 in
891 3580 1028 3644 Statntis
1053 3579 1239 3644 Communis
1264 3578 1409 3642 Bononio
1434 3585 1466 3642 et
1490 3577 1612 3664 populi,
1631 3575 1716 3662 quod
1739 3577 1876 3660 absolvi,
1893 3575 2042 3662 intelligi,
2066 3576 2258 3662 dispensari,
2281 3577 2439 3662 interpre-

614 3689 678 3753 tari
701 3689 810 3775 aliquo
835 3687 928 3752 modo
953 3709 1010 3750 seu
1034 3707 1132 3750 causa
1156 3707 1222 3750 non
1245 3687 1345 3772 possit
1370 3707 1427 3749 nec
1462 3684 1579 3748 debeat
1613 3705 1672 3770 per
1705 3684 1869 3748 Statutum
1900 3703 1957 3747 seu
1988 3683 2273 3767 reformationem,
2312 3705 2374 3770 qne
2398 3703 2440 3748 ex

614 3817 699 3860 nunc
723 3796 825 3878 fieret,
850 3817 909 3859 nec
933 3816 990 3881 per
1014 3793 1170 3880 populum
1193 3793 1338 3857 Bononio
1363 3813 1466 3878 neque
1489 3813 1547 3877 per
1571 3790 1794 3877 Capitaneum,
1815 3790 1979 3855 Anzianos
2003 3797 2036 3854 et
2060 3790 2226 3874 Consules,
2253 3812 2357 3876 neque
2379 3811 2438 3876 per

615 3903 825 3986 Potestatem,
843 3902 1019 3966 Consilium
1044 3901 1230 3966 Communis
1247 3900 1393 3964 Bononie
1418 3905 1450 3964 et
1465 3898 1587 3984 popuH,
1605 3919 1708 3984 neque
1730 3920 1787 3984 per
1803 3897 1968 3962 dominnm
1984 3897 2120 3983 Papam,
2138 3919 2195 3962 seu
2217 3899 2287 3982 ejus
2303 3898 2438 3983 legatos.

614 4008 658 4074 Et
681 4009 741 4073 hec
765 4009 873 4073 omnia
895 4008 1091 4094 precipimus
1116 4007 1348 4070 inviolabiliter
1372 4005 1537 4070 observari
1561 4025 1581 4068 a
1604 4004 1698 4068 dictis
1721 4004 1868 4090 partibus
1892 4003 1952 4068 snb
1975 4025 2060 4090 pena
2085 4011 2117 4068 et
2145 4005 2178 4069 in
2201 4025 2296 4091 pena,
2321 4025 2383 4090 qus
2408 4004 2441 4067 in

617 4118 847 4203 compromisso
872 4116 958 4180 facto
983 4115 1176 4179 continetur.

704 4224 823 4289 Actum
847 4225 880 4288 in
904 4223 1026 4309 palatio
1051 4222 1153 4285 veteri
1178 4221 1363 4286 Communis
1387 4220 1533 4284 Bononio
1550 4220 1583 4283 in
1600 4219 1760 4284 Consoilio
1785 4219 1918 4306 speciali
1941 4227 1974 4283 st
1997 4219 2142 4304 generali
2167 4219 2352 4284 Communis
2375 4219 2440 4282 Bo·

616 4332 712 4396 nonie
737 4332 778 4395 ad
802 4353 916 4394 sonum
940 4331 1107 4414 utriusque
1132 4350 1288 4415 campane
1312 4349 1399 4392 more
1424 4328 1518 4391 solito
1542 4334 1759 4412 congregato,
1782 4327 1816 4390 in
1847 4328 2010 4413 presentia
2043 4326 2121 4391 dicti
2152 4325 2272 4390 domini
2297 4326 2439 4391 Gaudini

615 4438 850 4520 Procuratoris,
868 4445 900 4501 et
916 4437 1038 4501 domiui
1053 4436 1214 4522 Niclrolay
1232 4435 1363 4522 Syndici
1380 4435 1565 4499 Communis
1589 4434 1736 4498 Bononio
1757 4434 1799 4498 ad
1822 4433 1955 4498 laudum
1971 4440 2003 4497 et
2019 4434 2214 4498 sententiam
2230 4433 2438 4500 audiendam.

617 4546 656 4610 In
682 4567 745 4632 quo
769 4545 898 4631 quidem
922 4545 1082 4608 Conscilio
1107 4543 1254 4607 dominus
1278 4542 1455 4606 Niclrolaus
1482 4541 1651 4627 Syndicns,
1675 4541 1804 4605 nomine
1829 4540 1906 4605 dicti
1934 4541 2098 4624 Oomunis,
2113 4541 2236 4625 juravit
2258 4562 2355 4628 super
2371 4541 2440 4604 ani·

618 4655 732 4718 rnabns
758 4653 910 4735 Conscilij
935 4657 967 4715 et
992 4652 1177 4716 Communis
1200 4650 1357 4732 Bononie,
1382 4649 1557 4714 Potestatis
1581 4656 1613 4713 et
1638 4648 1824 4734 Capitanei,
1845 4648 2066 4713 Anzianorum
2090 4655 2122 4712 et
2146 4648 2323 4713 Consulum
2334 4647 2383 4731 (ll,
2407 4653 2440 4712 et

618 4762 767 4826 dominns
791 4759 960 4825 Gaudinns
985 4781 1042 4822 suo
1067 4758 1196 4822 nominc
1218 4758 1341 4841 jurarit
1372 4778 1469 4844 super
1501 4756 1642 4820 animam
1677 4777 1769 4820 suam
1800 4762 1832 4819 et
1869 4756 2012 4819 omnium
2043 4755 2172 4820 illorum
2200 4777 2336 4841 qnorum
2366 4777 2440 4842 pro·

618 4874 748 4933 curator
771 4874 835 4950 est,
862 4867 970 4930 omnia
993 4873 1025 4929 et
1048 4865 1178 4950 singula
1208 4864 1374 4928 attendere
1398 4872 1430 4928 et
1454 4885 1584 4926 servaro
1617 4863 1847 4928 inviolabiliter
1870 4869 1905 4926 nt
1929 4883 2027 4947 supra
2050 4861 2218 4926 laudatum
2241 4869 2273 4926 et
2297 4883 2438 4949 pronun·

618 4976 732 5040 tiatnm
758 4981 808 5039 est
831 4996 888 5060 per
911 4973 1013 5038 dictos
1037 4971 1238 5036 Potestatem
1261 4978 1293 5035 et
1317 4971 1540 5058 Capitaneum.

707 5082 918 5147 Presentibus
942 5080 1070 5145 domino
1095 5078 1257 5143 Petrizolo
1281 5077 1460 5160 Raurixini,
1485 5077 1634 5142 dohanne
1658 5075 1698 5140 de
1720 5076 1857 5160 Mutina,
1876 5076 2056 5141 Graciadeo
2081 5076 2264 5140 Gerardelli
2287 5076 2437 5160 aurificis,

617 5189 765 5254 Anniano
789 5189 911 5276 populi,
936 5196 968 5251 et
992 5187 1120 5251 domino
1145 5186 1282 5250 Alberto
1306 5185 1345 5249 de
1370 5184 1585 5271 Principibus,
1603 5185 1732 5249 domino
1757 5181 1907 5249 Gabriele
1931 5183 2068 5268 Grngni,
2084 5183 2291 5248 Albertnccio
2315 5183 2355 5247 de
2380 5183 2439 5247 Sa·

617 5297 760 5380 badinis,
778 5296 909 5362 consule
933 5301 1148 5358 mercatorum
1173 5298 1205 5356 et
1229 5313 1448 5377 sampsorum,
1466 5291 1624 5355 Jacobino
1648 5292 1792 5374 Bocazo,
1811 5291 1976 5377 Stephano
1999 5298 2032 5354 et
2056 5289 2190 5374 Oaxoto,
2215 5290 2438 5355 bannitoribus

618 5404 804 5470 Communis
827 5402 974 5467 Bononie
998 5408 1029 5464 et
1054 5401 1126 5464 aliis
1151 5400 1259 5465 multis
1284 5399 1324 5463 de
1348 5399 1409 5463 hiis
1434 5399 1569 5464 testibus
1593 5399 1726 5484 rogatis.

707 5511 778 5596 Ego
802 5510 980 5574 Ubertinus
1005 5507 1169 5594 quondam
1190 5506 1392 5572 Lambertini
1416 5507 1533 5572 Jacobi
1556 5506 1596 5571 de
1617 5505 1754 5588 Pistore,
1771 5505 1932 5592 imperiali
1955 5505 2146 5570 auctoritate
2163 5504 2328 5587 Notarius,
2345 5503 2437 5568 dictis

618 5620 766 5684 omnibus
792 5616 1028 5703 compromissio
1045 5622 1077 5679 et
1101 5615 1267 5678 sententiis
1292 5614 1424 5679 interfui
1447 5621 1479 5679 et
1502 5619 1636 5699 rogatus
1660 5635 1680 5678 a
1703 5612 1796 5677 dictis
1819 5613 1985 5677 Potestato
2009 5619 2041 5677 et
2062 5612 2239 5698 Capitaneo
2268 5618 2300 5675 et
2316 5632 2336 5674 a
2352 5610 2437 5674 dicto

618 5726 760 5813 Syndico
785 5725 970 5789 Communis
995 5721 1141 5787 Bononio
1159 5728 1226 5784 eta
1250 5721 1334 5786 dieto
1359 5727 1568 5808 procuratore
1591 5720 1732 5785 scribere
1756 5720 1912 5807 predicta,
1930 5720 2037 5784 omnia
2054 5718 2169 5805 scripsi
2184 5718 2312 5804 publice
2333 5725 2366 5782 et
2387 5739 2438 5782 me

618 5833 804 5920 subscripsi.

696 6492 735 6558 (1)
756 6490 788 6542 In
808 6489 872 6556 Rea.
889 6506 949 6555 pru:
968 6505 983 6539 s
1004 6491 1130 6539 cristianos
1149 6493 1172 6540 et
1191 6487 1310 6539 corrsrrles
1331 6504 1354 6537 s.
