5484 7746
624 629 698 698 266
1414 651 1653 701 nounnsurn

710 805 776 868 Iste
800 810 875 868 sunt
898 804 1116 890 possessiones
1141 804 1180 868 dc
1205 804 1321 889 quibus
1345 805 1575 868 monasterium
1599 806 1701 869 sancti
1727 805 1885 892 Stephani
1915 807 2090 892 supradicti
2119 808 2188 871 uult
2218 809 2338 874 habere
2366 833 2440 875 eou-

621 913 798 976 cessionem
823 912 1020 976 decimarum
1045 911 1078 974 in
1102 911 1246 976 futurum
1270 911 1517 999 prestandurum
1540 920 1572 975 et
1596 913 1816 977 remissionem
1840 913 2054 996 detentarum,
2079 915 2217 980 scilicet:

710 1019 842 1104 Brayda
865 1018 968 1084 sancti
993 1018 1150 1104 Stephani
1173 1019 1320 1104 superius
1345 1025 1377 1082 et
1401 1018 1546 1082 interius.
1572 1019 1721 1083 Confines
1744 1021 1826 1084 tales
1851 1022 1947 1085 sunt(
1966 1022 1986 1086 l.

710 1126 792 1189 Item
817 1126 912 1188 vinea
936 1146 1011 1207 una,
1036 1126 1141 1210 posita
1165 1124 1205 1187 ad
1230 1125 1409 1206 Raronem,
1434 1147 1496 1211 que
1521 1125 1582 1189 luit
1605 1125 1737 1190 Martini
1761 1125 1868 1190 Garri.
1894 1127 2043 1192 Confines
2067 1130 2148 1193 tales
2173 1138 2256 1193 sunt.

709 1233 792 1296 Item
816 1233 912 1295 vinea
936 1253 1010 1314 uua,
1036 1232 1141 1318 posita
1165 1231 1196 1296 in
1221 1232 1423 1319 pertinentiis
1446 1231 1612 1315 Barbiani,
1638 1233 1670 1296 in
1694 1233 1764 1298 loco
1790 1234 1843 1299 ubi
1868 1235 1984 1298 dicitur
2008 1235 2141 1300 Mixano
2166 1237 2205 1300 de
2229 1236 2332 1302 Podio
2359 1239 2439 1303 Bar-

619 1340 718 1404 biani.
744 1340 892 1404 Confines
916 1340 1009 1404 tales.

708 1446 792 1510 Item
816 1447 976 1532 possessio
1001 1447 1103 1510 sancti
1126 1446 1259 1511 Martini
1283 1446 1314 1510 in
1338 1445 1512 1510 Pozadello
1536 1454 1568 1510 et
1590 1447 1692 1512 saneti
1708 1448 1826 1513 Vitatis
1843 1448 1883 1512 dc
1900 1449 2074 1514 Barbiuno.
2092 1450 2242 1515 Confines
2259 1459 2332 1516 snut
2348 1453 2439 1517 tales.

710 1554 794 1618 Item
817 1554 912 1616 vinea
935 1553 1038 1617 sancti
1062 1552 1183 1617 Rofelli
1207 1560 1239 1616 et
1263 1553 1482 1640 possessiones
1507 1555 1609 1617 sancti
1633 1555 1764 1619 Rofelli.
1791 1555 1939 1620 Confines
1963 1558 2045 1622 tales
2069 1566 2152 1622 suut.

710 1661 793 1724 Item
817 1661 911 1724 vinea
935 1681 1011 1742 uua,
1028 1661 1133 1746 posita
1154 1661 1186 1724 in
1210 1661 1324 1724 Runco
1347 1660 1507 1742 Mauroui,
1525 1682 1621 1746 quam
1638 1643 1868 1726 monasterium
1889 1663 1984 1728 evicit
2002 1665 2033 1728 in
2051 1666 2163 1729 eodem
2185 1666 2299 1730 Runco
2315 1665 2442 1730 Moroni

620 1790 639 1832 a
663 1769 851 1855 pscsbiteris
875 1767 978 1831 sancti
1002 1767 1153 1832 Nicholai
1175 1767 1354 1854 Leproseti.
1381 1767 1530 1832 Confines
1554 1769 1646 1832 tales.

709 1877 790 1939 Item
807 1876 895 1961 petia
912 1895 975 1938 nna
993 1882 1091 1957 terre,
1109 1896 1206 1960 quam
1223 1875 1451 1938 monasterium
1469 1875 1565 1938 evicit
1582 1876 1613 1938 in
1636 1876 1749 1940 eodem
1765 1877 1878 1941 Runco
1896 1877 2073 1961 Malchoui
2095 1901 2114 1942 a
2130 1880 2308 1966 presbitero
2326 1881 2440 1966 Ugone

620 1985 659 2048 de
683 1983 938 2068 Bagnacavallo,
963 1990 995 2046 et
1018 1991 1167 2068 presente
1191 1982 1310 2046 Fabro,
1336 1982 1485 2046 Confines
1509 1983 1601 2046 tales.

711 2091 793 2154 Item
818 2089 950 2175 Brayda
973 2095 1006 2152 et
1030 2089 1189 2153 Clausura
1212 2090 1251 2153 de
1276 2089 1408 2152 Villola.
1433 2089 1582 2153 Oonfines
1606 2091 1697 2154 tales.

710 2198 792 2262 Item
816 2197 1034 2282 possessiones
1058 2197 1161 2260 saneti
1185 2196 1316 2260 Andree
1340 2196 1380 2259 de
1407 2196 1486 2260 Vico
1509 2196 1680 2280 Medicina,
1699 2219 1778 2283 quas
1803 2199 1901 2263 habet
1924 2198 1994 2286 ipsa
2019 2201 2154 2264 ecelesia
2178 2209 2323 2288 tempore
2347 2202 2439 2266 istius

620 2305 870 2391 compositionis.

1476 2517 1583 2582 XXV.

1364 2697 1460 2778 1226,
1486 2697 1528 2759 31
1553 2699 1702 2761 ianuarii.

969 2874 1020 2938 Ex
1045 2874 1132 2938 arch.
1157 2873 1294 2960 Metrop.
1319 2874 1458 2957 bonon,
1483 2875 1515 2938 in
1544 2899 1559 2931 ‹
1585 2875 1679 2940 Libro
1703 2877 1820 2940 Antrum
1846 2903 1876 2960 ν,
1901 2879 2025 2940 car.18
2051 2871 2094 2940 v.⁰

710 3055 875 3120 Honorius
899 3055 1078 3140 episcopus,
1104 3076 1216 3117 servus
1240 3075 1406 3116 serrorum
1432 3053 1503 3134 Dei,
1529 3053 1645 3117 dilecto
1669 3055 1734 3119 filio
1759 3059 1914 3140 magistro
1940 3057 2094 3121 Severino
2119 3057 2318 3138 ariminensi,
2344 3079 2440 3120 cano·

621 3164 692 3227 nico
716 3163 862 3226 Bononio
886 3161 1107 3242 commoranti,
1131 3162 1269 3224 salutem
1293 3169 1324 3224 et
1349 3162 1559 3246 apostolicam
1584 3163 1849 3228 benedictionem.
2173 3221 2177 3229 .

709 3269 834 3334 Nona)
858 3268 994 3332 facimus
1018 3268 1171 3352 injuriam
1195 3268 1372 3331 venerabili
1397 3267 1490 3332 fratri
1514 3275 1623 3332 nostro
1645 3269 1813 3353 [IIenrieo]
1838 3271 1999 3358 Episcopo
2024 3280 2056 3336 et
2079 3272 2204 3336 dilectis
2228 3273 2301 3335 liliis
2324 3272 2440 3336 Archi·

621 3377 799 3465 presbitero
816 3383 847 3439 et
865 3375 1014 3465 Capitulo
1031 3375 1230 3442 bononiensi.
1248 3374 1303 3438 sed
1322 3375 1427 3460 potius
1443 3375 1588 3439 Ecclesia
1605 3376 1747 3462 ipsorum
1765 3379 1970 3461 consulImus,
1986 3380 2013 3442 si
2034 3386 2236 3464 amputemus
2261 3380 2440 3461 materiam,

618 3507 681 3571 qua
705 3485 789 3548 inter
812 3505 867 3547 eos
881 3483 949 3568 jam
967 3489 1072 3546 ortum
1089 3482 1256 3545 dissidium
1273 3483 1399 3564 dicitnr,
1418 3483 1502 3567 quod
1525 3484 1655 3546 timetur
1674 3505 1788 3569 parere
1811 3485 2009 3567 scandalum,
2027 3485 2200 3570 dampnum
2219 3487 2278 3571 ipsi
2294 3485 2442 3550 Ecclesia

617 3615 681 3657 non
702 3591 863 3655 modIcum
880 3591 1054 3653 illaturum.
1073 3590 1297 3653 Intelleximus
1314 3591 1482 3674 siquidem,
1501 3591 1585 3675 qnod
1603 3613 1675 3654 curn
1691 3591 1982 3656 Archidiaconatus
1999 3593 2144 3677 ejusdem
2161 3591 2305 3658 Ecclesie
2323 3615 2441 3657 uacare

618 3709 779 3780 noscatur,
797 3719 894 3783 super
910 3698 1066 3761 electione
1092 3697 1321 3760 Archidiacoui
1346 3719 1408 3760 non
1432 3697 1558 3762 modica
1582 3699 1665 3761 iuter
1688 3719 1743 3761 eos
1760 3698 1916 3762 dissensio
1933 3707 1981 3762 est
1998 3707 2130 3763 exorta:
2149 3700 2260 3764 eodem
2278 3699 2442 3786 Episcopo

618 3814 792 3889 asserente,
811 3807 863 3870 rel
880 3805 919 3869 ad
945 3827 978 3868 se
1004 3812 1139 3888 tantum,
1157 3806 1208 3869 vel
1233 3805 1332 3868 adse
1357 3827 1429 3868 cum
1454 3805 1603 3890 Capitulo
1627 3806 1817 3870 electionem
1841 3813 1988 3893 spectare
2013 3808 2165 3893 predictis
2190 3857 2197 3870 .
2224 3857 2231 3871 .
2257 3857 2264 3871 .
2289 3816 2322 3872 et
2346 3808 2442 3871 dictis

617 3915 900 4002 Archipresbitero
925 3921 956 3977 et
981 3913 1131 4000 Capitnlo
1155 3937 1173 3978 e
1197 3913 1357 3978 contrario
1386 3914 1639 3999 proponentibus
1664 3936 1736 3978 eam
1760 3915 1800 3978 ad
1825 3915 1911 4000 ipsos
1936 3915 2135 3980 solummodo
2160 3917 2331 4002 pertiuere.
2356 3916 2444 3990 Quia

616 4046 694 4088 vero
718 4023 1010 4086 Archidiaconatus
1036 4022 1103 4106 ipse
1129 4022 1183 4084 diu
1208 4022 1276 4085 sine
1302 4021 1493 4085 detrimento
1518 4022 1618 4107 ipsIus
1642 4021 1786 4086 Ecclesia
1811 4043 1926 4085 vacare
1952 4044 2015 4086 non
2033 4030 2139 4108 potest
2155 4031 2186 4086 et
2204 4045 2266 4086 uon
2291 4023 2443 4086 inmerito

617 4131 794 4212 dubitatur,
820 4150 859 4192 ne
885 4129 968 4192 inter
991 4151 1057 4210 eos,
1080 4128 1134 4213 qui
1159 4149 1351 4192 conseruare
1376 4128 1495 4192 debent
1519 4129 1550 4191 in
1575 4129 1704 4193 uinculo
1728 4129 1817 4214 pacis
1841 4130 1972 4215 spiritus
1997 4131 2164 4211 unitatem,
2182 4139 2306 4192 crescat
2329 4130 2445 4213 hujus·

617 4239 703 4303 modi
728 4239 895 4302 occasi0ne
921 4237 1095 4318 discordia,
1122 4257 1185 4321 qua
1209 4237 1311 4323 possit
1337 4236 1454 4300 caritas
1480 4236 1662 4318 vulnerari,
1687 4258 1745 4300 nos
1770 4259 1866 4322 super
1889 4237 1950 4302 hoc
1974 4260 2016 4301 ex
2041 4238 2139 4301 offitio
2165 4244 2273 4301 nostro
2297 4238 2445 4300 uolentes

619 4368 796 4431 congruam
820 4345 972 4408 adhibere
1005 4344 1182 4425 medelam,
1207 4344 1343 4428 dignum
1368 4343 1518 4407 duximus
1544 4343 1712 4428 providere
1737 4351 1772 4408 ut
1796 4345 1932 4409 dilectus
1959 4344 2044 4408 filius
2077 4345 2232 4429 magister
2255 4343 2445 4407 Tancredus

618 4452 804 4518 eorumdem
830 4452 1084 4534 Concanonicns,
1102 4453 1269 4515 literarum
1295 4451 1431 4515 scientia
1456 4451 1599 4537 preditus
1624 4458 1655 4514 ct
1679 4451 1821 4514 honestis
1847 4453 1988 4516 moribus
2013 4452 2198 4532 adornatus,
2216 4452 2249 4516 in
2265 4452 2365 4539 ipsius
2381 4450 2446 4514 Ec·

618 4561 715 4626 clesie
739 4559 1014 4624 Archidiacouum
1039 4566 1239 4641 assumatur,
1265 4559 1381 4622 deinde
1407 4580 1464 4621 nos
1488 4557 1667 4643 Episcopo,
1691 4558 1972 4644 Archipresbitero
2004 4567 2036 4622 et
2068 4558 2217 4644 Capitnlo
2250 4558 2446 4644 supradictis

618 4668 735 4733 nostris
760 4668 874 4730 damus
898 4666 1000 4730 literis
1025 4665 1056 4729 in
1082 4666 1259 4751 preceptis,
1285 4673 1338 4748 ut,
1365 4665 1568 4729 attendentes
1599 4666 1684 4750 quod
1717 4687 1780 4728 non
1809 4666 1847 4729 de
1880 4666 1986 4730 alieno
2018 4666 2073 4730 sed
2107 4687 2164 4730 suo
2196 4667 2297 4729 multo
2328 4667 2447 4749 majori

617 4775 739 4839 honore
764 4774 873 4858 digno,
898 4795 936 4836 eo
960 4774 1059 4836 etiam
1084 4793 1147 4835 non
1171 4779 1312 4858 petente,
1338 4773 1459 4836 dictum
1484 4771 1793 4836 Archidiaconatum
1815 4773 2014 4858 providimus
2038 4773 2262 4854 ordinandum,
2282 4772 2447 4836 uoluntati

617 4891 724 4947 vestre
748 4888 898 4967 prompto
923 4881 1032 4944 auimo
1058 4879 1279 4943 concurrendo
1304 4879 1407 4942 eidem
1432 4878 1741 4943 Archidiaconatum
1773 4880 1876 4965 ipsum
1908 4880 2086 4944 liberaliter
2117 4880 2285 4943 conferant
2309 4887 2341 4943 et
2364 4880 2447 4942 assi·

618 4997 736 5076 guent,
761 4997 793 5052 ct
818 4989 878 5052 sibi
911 4988 994 5050 sient
1018 4987 1260 5051 Archidiacono
1285 4988 1317 5049 in
1341 4986 1572 5071 temporalibus
1598 4994 1629 5050 ct
1653 4987 1874 5072 spiritualibus
1899 4987 2084 5070 intendere,
2109 5008 2147 5051 ae
2170 4986 2210 5050 de
2234 4986 2465 5052 Archidiaco·'

618 5098 746 5164 nulibus
770 5095 980 5182 proventibus
1006 5094 1202 5180 respondere
1225 5101 1417 5180 procurent,
1443 5115 1507 5158 non
1534 5094 1737 5158 obstantibus
1761 5093 1882 5176 literis,
1908 5115 1969 5180 que
1994 5117 2013 5158 a
2038 5094 2121 5158 Sede
2145 5094 2333 5180 ApostoIIca
2357 5115 2448 5157 ema·

618 5211 746 5286 narunt,
764 5213 798 5266 ut
822 5203 982 5284 uidelicet,
1000 5203 1027 5264 si
1051 5201 1343 5265 Archidiacouatus
1369 5202 1447 5287 ipse,
1466 5223 1561 5286 quem
1585 5201 1824 5265 contuleramus
1840 5202 2019 5265 venerabili
2037 5201 2129 5264 fratri
2147 5208 2255 5264 nostro
2280 5203 2448 5286 parmensi

617 5311 779 5398 Episcopo
804 5319 879 5373 tuuc
904 5309 1074 5395 capellano
1099 5315 1219 5390 nostro,
1244 5315 1391 5390 uacaret,
1417 5308 1646 5372 Archidiacoui
1672 5309 1786 5372 electio
1811 5308 1851 5370 ad
1875 5307 2072 5394 Episcopum
2102 5316 2134 5373 et
2164 5308 2367 5394 Capitulum,
2392 5309 2449 5371 vel

618 5419 661 5482 ad
685 5440 797 5482 eorum
821 5418 970 5498 alterum,
993 5415 1135 5494 deberet,
1160 5422 1256 5500 prout
1279 5422 1440 5500 spectaret
1465 5415 1504 5478 de
1526 5417 1610 5499 juro,
1628 5415 1766 5495 devolvi,
1785 5437 1867 5496 cum,
1886 5416 1968 5478 sicut
1991 5415 2111 5479 dictum
2136 5422 2194 5496 est,
2212 5437 2307 5500 snper
2330 5414 2448 5478 eadem

618 5527 776 5591 electione
801 5527 885 5589 inter
908 5547 963 5588 eos
988 5524 1028 5586 ed
1054 5524 1191 5586 invicem
1215 5545 1279 5586 non
1303 5545 1405 5610 parua
1429 5523 1583 5586 suscitata
1607 5524 1648 5586 sit
1665 5523 1799 5586 materia
1817 5524 2013 5608 questionis,
2032 5545 2093 5608 que
2110 5545 2181 5586 curn
2199 5524 2260 5586 cito
2278 5523 2448 5586 terminari

618 5655 683 5698 non
707 5634 818 5719 possit,
837 5653 949 5696 eornm
969 5631 1118 5695 Ecclesia
1135 5631 1166 5694 in
1185 5632 1353 5694 uacatione
1370 5631 1662 5694 Archidiaconotus
1679 5631 1803 5694 diutina
1820 5631 1994 5716 dampnum
2011 5652 2074 5694 nou
2091 5631 2252 5695 modicum
2269 5631 2449 5693 sustinetur

617 5749 750 5829 propter
774 5741 817 5824 id,
837 5740 923 5826 quod
948 5761 1048 5824 grave
1074 5739 1147 5802 inde
1172 5739 1337 5802 dissidium
1362 5761 1433 5802 cum
1458 5737 1611 5801 scandalo
1635 5737 1835 5801 formidatur.
1853 5738 1903 5802 Ne
1921 5745 2028 5801 antem
2053 5737 2180 5801 censuri
2197 5738 2353 5801 alterutra
2370 5759 2449 5822 par-

618 5851 699 5913 tium
722 5848 843 5930 valeat,
862 5847 946 5932 qnod
972 5847 999 5910 si
1023 5845 1115 5910 nobis
1140 5867 1204 5909 non
1229 5846 1368 5927 obediat,
1385 5846 1418 5908 in
1443 5846 1504 5908 hac
1527 5851 1619 5930 parte
1644 5845 1675 5907 in
1700 5866 1758 5908 suo
1780 5847 1852 5930 jure
1877 5845 2014 5908 ledatur.
2031 5845 2189 5908 Volumus
2214 5852 2246 5907 et
2262 5845 2449 5926 statuimus,

617 5964 654 6020 ut
678 5956 802 6019 nullum
827 5961 959 6041 propter
983 5954 1043 6017 hoc
1068 5954 1195 6038 utrique
1223 5953 1276 6015 rel
1302 5952 1451 6015 alterutri
1475 5952 1687 6037 prejudicium
1713 5953 1921 6038 imposterum
1945 5959 2127 6036 generetur.
2149 5951 2307 6025 Quocirca
2328 5950 2454 6015 discre-

618 6063 699 6128 tioni
723 6071 777 6127 tue
801 6084 859 6149 per
884 6062 1062 6148 apostolica
1086 6061 1206 6145 scripta
1239 6059 1446 6141 mandamus,
1473 6065 1631 6143 quatenns
1664 6059 1691 6121 si
1721 6058 1876 6144 sepedicti
1907 6058 2105 6145 Episcopus,
2129 6058 2390 6144 Archipresbiter
2415 6066 2451 6122 et

619 6171 805 6258 Capitulum
832 6168 1037 6254 neglexerint
1060 6167 1256 6252 adimplere,
1283 6172 1317 6230 tu
1338 6165 1647 6230 Arelridiacouatum
1671 6166 1776 6251 ipsum
1800 6165 1905 6230 eidem
1933 6166 2087 6250 magistro
2116 6165 2306 6229 auetorItatc
2334 6172 2453 6229 nostra

699 6418 739 6482 (l)
760 6416 914 6468 Ooufiuium
933 6415 1045 6467 nomina
1064 6415 1109 6466 hic
1130 6417 1156 6466 et
1177 6414 1291 6466 inferius
1311 6415 1508 6466 desiderantur.

699 6508 738 6572 (2)
759 6506 886 6575 Legitur:
907 6523 921 6554 c
941 6506 998 6557 Nos
1018 6522 1042 6557 a.
