5544 7750
1350 614 1464 664 vlran
1492 615 1671 664 manresa

605 771 752 844 maximi
779 771 933 867 floreret,
956 779 1157 869 opportuna
1179 771 1247 868 ipsi
1268 771 1381 844 videri
1399 771 1514 868 potuit
1534 771 1579 844 ad
1598 769 1886 844 Florentinorum
1907 781 2054 844 conatus
2074 771 2295 868 repellendos
2315 780 2422 868 atque

605 897 786 970 etiamad
815 898 909 994 ipsos
937 897 1093 994 aliosque
1124 897 1326 995 provinciae
1356 895 1503 994 populos
1532 897 1567 968 in
1597 897 1763 969 ditionem
1801 898 1836 970 vi
1874 905 1908 969 et
1946 897 2053 970 armis
2089 897 2320 993 recipiendos.
2351 896 2421 969 Sed

604 1022 671 1095 hac
700 1023 808 1096 etiarn
845 1048 906 1121 spe
943 1024 1043 1096 brevi
1080 1022 1293 1118 frustratus,
1323 1020 1520 1094 Florentini
1548 1022 1879 1117 enim,·coniunctis
1907 1047 2051 1096 suorum
2076 1022 2196 1118 copiis,
2227 1021 2309 1092 illuc
2338 1045 2421 1092 con-

604 1146 769 1220 volarunt
798 1155 988 1244 antequam
1020 1147 1209 1220 maioribus
1244 1171 1281 1220 se
1319 1147 1504 1245 praesidiis
1543 1147 1758 1220 communire
1798 1155 1916 1244 posset
1953 1146 2132 1242 Legatos,
2163 1147 2224 1242 qui
2260 1171 2305 1218 ex
2342 1145 2420 1218 aliis

602 1272 807 1344 civitatibus
839 1271 1063 1344 Chibellinae
1102 1273 1212 1368 partis
1245 1271 1405 1343 homines
1443 1271 1532 1344 beno
1561 1269 1691 1343 multos
1720 1271 1970 1344 advocaverat.
2001 1271 2203 1366 Itaque,1·e
2233 1268 2421 1342 infeliciter

603 1397 826 1492 succedente,
847 1397 993 1469 Arretio
1013 1421 1049 1468 se
1071 1396 1244 1493 proripuit
1273 1397 1308 1468 in
1337 1397 1453 1493 specie
1484 1405 1602 1468 tamen
1631 1396 1734 1468 fictae
1763 1395 1996 1469 simulationis
2019 1395 2237 1468 Florentiam
2266 1394 2420 1468 adeundi

603 1529 641 1594 ut
670 1522 814 1594 civitate
843 1523 887 1594 ab
917 1522 1125 1619 opportunis
1157 1522 1297 1594 auxiliis
1331 1546 1441 1618 prope
1474 1521 1650 1618 imparata
1684 1521 1869 1619 potiretur,
1900 1521 2137 1594 execrationis
2172 1520 2421 1615 interdictique

602 1648 815 1720 sententiam
844 1647 974 1720 intulit.
995 1647 1138 1720 Revera
1161 1655 1279 1720 tamen
1300 1642 1564 1746 Legatus2nihil
1584 1646 1748 1719 fortunae
1778 1647 1971 1718 temeritati
1996 1646 2287 1719 committendum
2308 1653 2419 1740 ratus,

604 1771 762 1844 Clusium
791 1797 828 1846 se
857 1773 1003 1870 recepit,
1024 1781 1130 1868 atque
1159 1772 1263 1844 huius
1292 1771 1428 1845 consilii
1456 1797 1526 1844 non
1551 1771 1760 1844 mediocrem
1791 1771 1946 1844 fructum
1976 1770 2068 1844 tulit.
2098 1770 2193 1843 Nam
2221 1770 2418 1842 Florentini

601 1904 862 1994 praeconcepto
891 1897 1044 1970 maxime
1083 1896 1280 1969 hoc'metu
1317 1897 1488 1968 victoriae
1525 1921 1631 1992 quam
1666 1897 1842 1990 integram
1874 1895 1977 1968 facile
2011 1894 2174 1968 tulissent
2204 1919 2312 1968 usura
2340 1917 2421 1966 cum

603 2020 789 2094 victoriam
827 2046 916 2119 pene
959 2022 1079 2118 adepti
1119 2029 1257 2114 essent,
1297 2023 1457 2094 eamdem
1495 2045 1622 2116 urgere
1661 2031 1696 2092 et
1732 2021 1896 2118 persequi
1939 2020 2185 2116 neglexerunt.
2225 2021 2295 2093 Per
2332 2019 2421 2092 haec

603 2144 713 2240 igitur
742 2154 903 2243 tempora
931 2147 1058 2242 quibus
1088 2144 1198 2218 Clusii
1226 2146 1481 2218 immorabatur
1509 2145 1720 2240 Cardinalis,
1751 2171 1829 2218 cum
1863 2145 2060 2218 Florentini
2095 2169 2152 2216 res
2189 2169 2270 2216 suas
2303 2143 2420 2216 adhuc

601 2269 638 2342 in
671 2279 748 2343 tuto
786 2273 872 2344 satis
907 2296 977 2344 non
1013 2295 1089 2344 esse
1126 2270 1383 2366 intelligerent,
1412 2271 1544 2343 veteris
1578 2271 1753 2344 amicitiae
1791 2271 1907 2344 officia
1942 2295 1963 2342 a
1999 2270 2129 2344 nostris
2167 2294 2230 2342 suo
2266 2269 2420 2366 quodam

600 2395 677 2470 iure
710 2397 935 2492 flagitarunt,
966 2421 1053 2493 quos
1082 2421 1166 2469 sano
1200 2405 1339 2470 nostros
1373 2421 1436 2494 pro
1470 2396 1583 2470 veteri
1618 2397 1794 2469 amicitiae
1824 2397 1898 2468 iure
1928 2397 1972 2469 ad
2002 2421 2102 2493 opem
2132 2395 2315 2468 ferendam
2345 2417 2419 2466 ma·

600 2547 758 2620 gnopere
793 2523 1007 2596 excitarunt.
1038 2523 1164 2619 ltaque
1193 2523 1317 2618 Fisigli
1349 2548 1427 2595 cum
1465 2523 1594 2618 agendi
1631 2531 1748 2594 essent
1777 2531 1972 2596 conventus
2002 2523 2036 2594 in
2065 2522 2193 2620 quibus
2222 2521 2304 2618 quid
2334 2546 2353 2594 e
2382 2543 2419 2592 re

600 2648 743 2746 publiea
784 2656 878 2720 esset
920 2648 1191 2743 decerneretur,
1231 2646 1313 2718 illuc
1350 2647 1572 2720 Bonifacium
1611 2648 1833 2720 destinarunt
1872 2647 2113 2720 Bononienses
2152 2657 2190 2719 ut
2232 2646 2342 2742 ipsius
2384 2653 2419 2719 et

601 2773 747 2847 oonsilio
775 2781 811 2846 et
844 2773 1056 2845 auctoritate
1094 2772 1318 2844 Florentinos
1353 2773 1388 2844 in
1420 2781 1520 2846 tanto
1559 2773 1760 2844 discrimine
1797 2773 1936 2846 iuvaret
1973 2780 2009 2844 et
2046 2771 2292 2869 opitularetur.
2323 2771 2419 2843 Ante

601 2923 686 2971 vero
715 2922 821 2994 quarn
850 2896 931 2969 illuc
961 2922 997 2970 se
1027 2896 1215 2994 conferret,
1238 2896 1396 2969 Clusium
1421 2898 1577 2992 divertit,
1599 2906 1637 2970 ut
1667 2896 1892 2970 Cardinalem
1916 2897 2087 2970 Ursinum
2113 2897 2319 2970 conveniret
2338 2919 2418 2967 cum

601 3048 713 3120 eoque
741 3032 864 3118 ageret
896 3023 939 3095 de
974 3031 1026 3096 tot
1059 3023 1237 3119 tantisque
1267 3022 1477 3120 populorum
1506 3023 1768 3096 calamitatibus
1797 3024 2009 3096 avertendis.
2040 3023 2169 3095 Incidit
2199 3023 2233 3094 id
2262 3023 2298 3094 in
2326 3045 2419 3094 anno

599 3147 839 3222 MCCCVIII.
870 3149 934 3221 sub
973 3149 1108 3221 exitum
1136 3149 1304 3243 iannarii,
1335 3147 1391 3246 vel
1420 3149 1536 3245 potius
1564 3150 1629 3221 sub
1658 3148 1759 3220 initia
1786 3149 2003 3245 insequentis
2032 3149 2182 3241 mensis,
2212 3147 2306 3245 quod
2334 3170 2419 3219 sane

599 3274 782 3348 declarare
802 3281 920 3370 potest
939 3273 1173 3346 Muratorium
1195 3297 1343 3370 errasse,
1365 3274 1426 3370 qni
1453 3275 1575 3346 scribit
1603 3298 1696 3346 anno
1725 3273 1943 3346 MCCCVII.
1973 3273 2149 3369 Legatum
2169 3273 2275 3345 ltalia
2295 3295 2418 3344 exces-

599 3400 686 3472 sisse
715 3399 812 3471 nulla
841 3396 993 3496 amplius
1022 3397 1216 3494 affulgente
1245 3423 1306 3496 spe
1335 3398 1521 3470 ammissae
1549 3397 1683 3493 gloriae
1712 3399 1970 3494 resarciendae,
2001 3398 2277 3496 recuperandae.
2308 3396 2419 3470 Clusii

599 3524 667 3597 hoc
695 3525 789 3621 quod
817 3524 971 3597 diximus
1000 3531 1158 3620 ternpore
1196 3524 1311 3621 ipsum
1341 3524 1448 3596 fuisse
1478 3523 1661 3595 declarant
1689 3525 1775 3596 satis
1804 3532 2032 3596 monumenta
2059 3532 2193 3618 nostra,
2215 3531 2251 3594 et
2276 3524 2418 3619 quidem

599 3651 754 3724 arbitror
781 3649 912 3722 ibidem
941 3649 1151 3744 substitisse,
1181 3650 1274 3746 quod
1303 3650 1433 3722 certior
1460 3649 1575 3722 factus
1599 3649 1708 3722 suerit
1727 3674 1797 3722 non
1818 3649 1921 3722 modo
1942 3650 1984 3722 de
2004 3649 2070 3722 hiis
2091 3674 2180 3745 quae
2206 3649 2242 3720 in
2266 3648 2415 3722 fisiliano

599 3786 777 3849 conventu
806 3774 943 3848 sancita
971 3773 1133 3870 fuissent,
1154 3775 1215 3847 sed
1240 3775 1348 3848 etiam
1368 3774 1410 3847 de
1431 3773 1507 3848 aliis
1528 3775 1674 3872 quaein
1694 3775 1852 3870 generali
1872 3774 2023 3847 Cuclfae
2043 3773 2208 3846 factionis
2228 3783 2417 3870 conventu,

598 3900 802 3974 Florentiae
829 3899 992 3973 habendo
1016 3899 1120 3997 aprili
1139 3924 1257 3972 mense
1278 3899 1435 3972 eiusdem
1456 3900 1550 3995 anni,
1572 3901 1714 3973 decerni
1733 3900 1950 3994 contigisset.
1972 3899 2026 3972 De
2048 3899 2115 3972 hoe
2135 3899 2286 3972 Guelfae
2306 3899 2418 3996 partis

598 4025 746 4099 concilio
775 4051 846 4098 non
874 4026 978 4099 modo
1007 4024 1191 4122 nostrales,
1222 4025 1251 4096 si
1281 4025 1576 4098 Ghirardaccium
1603 4027 1760 4124 excipias
1776 4025 1825 4120 (¹),
1855 4051 1978 4098 verum
2016 4025 2123 4098 etiarn
2152 4026 2211 4122 qui
2239 4025 2416 4098 Florenti·

595 4175 722 4223 norum
750 4175 806 4222 res
834 4149 946 4222 literis
975 4149 1201 4244 mandarunt,
1224 4149 1365 4222 omnino
1394 4149 1509 4221 silent.
1536 4149 1677 4222 Revera
1697 4158 1815 4222 tamen
1837 4159 2051 4222 conventum
2072 4149 2170 4220 illum
2190 4159 2225 4221 et
2245 4149 2416 4221 indictum

595 4285 631 4349 et
659 4276 821 4349 habitum
850 4275 957 4347 luisse
986 4283 1125 4346 constat
1154 4275 1347 4347 certissime
1377 4300 1423 4347 ex
1450 4275 1580 4347 nostris
1605 4274 1744 4347 illorum
1764 4283 1963 4372 temporum
1984 4274 2231 4347 monumentis.
2254 4273 2325 4346 Sua
2345 4273 2415 4345 iarn

594 4399 738 4472 functus
768 4407 844 4471 erat
871 4398 1048 4493 legatione
1077 4398 1281 4471 Bonifacius
1301 4423 1381 4470 oum
1400 4399 1529 4471 iterum
1550 4399 1655 4472 aliam
1678 4399 1781 4494 hanc,
1803 4424 1909 4495 quarn
1930 4398 2215 4491 memoravimus,
2237 4398 2415 4492 suscipere

598 4534 742 4598 coactus
762 4532 826 4596 est.
850 4525 970 4620 Atque
992 4530 1030 4595 ut
1051 4548 1218 4620 prospere
1248 4549 1303 4596 res
1333 4524 1368 4594 in
1398 4549 1439 4597 eo
1468 4533 1646 4597 conventu
1674 4526 1869 4618 evenirent,
1889 4523 1973 4595 illud
2001 4524 2036 4595 in
2066 4523 2188 4620 primis
2216 4523 2416 4595 Bononien-

595 4651 693 4723 sibus
722 4649 853 4722 nostris
886 4673 991 4721 curae
1024 4648 1091 4720 luit
1127 4658 1165 4720 ut
1197 4649 1419 4744 gravissima,
1443 4649 1486 4722 de
1515 4650 1641 4745 quibus
1669 4657 1793 4746 postea
1822 4649 1917 4746 apud
1946 4673 2067 4722 omnes
2096 4648 2272 4742 agendum
2301 4655 2415 4742 esset,

593 4776 742 4871 negocia
775 4774 937 4869 diligenti
976 4782 1083 4846 antea
1121 4772 1370 4847 consultationi
1409 4775 1676 4848 subiicerentur.
1708 4775 1834 4871 Itaque
1863 4775 2095 4871 sapientiores
2123 4773 2190 4844 viri
2218 4771 2417 4869 complures

593 4907 669 4974 tum
698 4925 744 4972 ex
772 4908 905 4995 nostra,
928 4908 1003 4972 tum
1033 4925 1078 4972 ex
1107 4899 1335 4971 nobilioribus
1365 4899 1441 4971 aliis
1471 4899 1645 4972 Thusciae
1675 4900 1879 4972 civitatibus
1908 4899 2034 4971 delecti
2063 4899 2218 4994 fuerunt,
2240 4899 2300 4995 qui
2324 4899 2417 4970 inter

593 5050 631 5100 se
660 5026 703 5098 de
732 5050 770 5098 re
799 5025 939 5123 publica
968 5025 1149 5120 viderent,
1180 5032 1215 5097 et
1244 5025 1279 5096 in
1308 5025 1430 5122 primis
1460 5025 1588 5120 omnia,
1619 5049 1708 5120 quae
1737 5025 1772 5096 in
1807 5024 2012 5096 Florentino
2042 5033 2218 5096 conventu
2248 5023 2418 5118 agitanda

593 5152 723 5247 forent,
745 5153 781 5224 in
800 5159 900 5224 carta
928 5152 1130 5246 redigerent
1154 5152 1373 5249 capitaque
1403 5150 1542 5224 facilius
1572 5151 1698 5223 deinde
1727 5175 1790 5224 suo
1820 5175 1960 5248 quoque
1989 5150 2111 5223 ordine
2132 5150 2166 5221 in
2187 5150 2415 5246 disceptatio·

593 5303 674 5351 nem
712 5285 1019 5375 opportunamque
1059 5277 1312 5349 discussionem
1340 5276 1514 5350 venirent.
1544 5275 1670 5348 Totius
1706 5276 1759 5348 rei
1793 5284 1873 5348 acta
1911 5277 1946 5348 in
1974 5275 2073 5348 libris
2106 5275 2413 5347 Reformationum

593 5403 772 5499 descripta
801 5399 948 5474 suntet.
979 5402 1033 5474 De
1062 5401 1166 5473 huius
1194 5401 1369 5496 generalis
1399 5410 1593 5473 conventus
1612 5373 1721 5472 brito
1750 5403 1838 5472 certi
1867 5400 1952 5473 nilril
1977 5399 2144 5473 affirmari
2177 5407 2304 5496 potest,
2335 5423 2415 5471 cum

593 5527 636 5600 de
657 5527 746 5624 ipso,
768 5537 806 5599 ut
835 5527 1000 5621 diximus,
1024 5527 1215 5623 scriptores
1243 5527 1385 5599 minime
1416 5526 1701 5598 memoraverint.
1728 5526 1972 5599 Dubitandum
2001 5534 2121 5598 tamen
2149 5549 2219 5597 non
2247 5532 2300 5596 est
2329 5524 2413 5620 quin

594 5651 777 5725 Pontificio
806 5651 963 5744 Legatos
993 5651 1154 5722 eumdem
1183 5650 1249 5722 sibi
1278 5650 1443 5721 infestum
1474 5649 1671 5745 agnoverit,
1694 5659 1799 5744 atque
1829 5650 1956 5722 iccirco
1986 5648 2105 5721 Clusio
2135 5659 2278 5744 totaque
2308 5648 2415 5721 ltalia

593 5801 630 5850 se
661 5775 876 5874 proripuerit
905 5775 1076 5847 maiorum
1107 5775 1386 5872 impendentium
1415 5775 1481 5846 sibi
1509 5773 1750 5846 calamitatum
1781 5784 1889 5848 metu.

701 5900 907 5974 Bonifatius
932 5908 985 5972 tot
1005 5899 1269 5997 perhonorifieis
1294 5899 1529 5994 legationibus
1550 5925 1595 5972 ex
1616 5900 1745 5971 civium
1765 5924 1909 5972 suorum
1929 5899 2081 5972 utilitate
2102 5899 2318 5997 perfunctus,
2341 5923 2412 5971 non

594 6051 726 6125 paucos
756 6026 881 6098 deinde
910 6050 1022 6098 annos
1051 6026 1086 6096 in
1115 6025 1263 6097 honesto
1293 6025 1364 6096 otio
1385 6025 1632 6121 conquiescere
1654 6025 1780 6121 potuit.
1803 6024 1958 6097 Publicis
1978 6034 2096 6097 tamen
2118 6026 2223 6096 rebus
2243 6025 2413 6096 interesse

673 6345 712 6410 (1)
731 6343 872 6409 Chirard.,
891 6304 941 6394 lib.¹
957 6341 1048 6409 ΧΠ,
1067 6359 1129 6411 pag.
1149 6345 1209 6393 516.

673 6435 711 6500 (2)
732 6433 791 6485 Lib.
812 6433 931 6499 Reform.
954 6433 991 6497 0,
1011 6433 1058 6484 fol.
1079 6436 1130 6484 329
1150 6449 1174 6484 v.
1195 6436 1222 6482 et
1241 6435 1293 6483 330
1311 6449 1332 6482 r.
