5484 7746
652 605 725 676 196
1434 622 1674 673 mouunsura

651 778 768 843 rectori
791 777 829 842 de
853 777 1005 863 predictis
1022 777 1189 860 fructibus,
1206 776 1362 841 reditibus
1386 782 1418 840 et
1441 777 1650 862 proventibus
1673 775 1861 862 octuaginta
1884 777 1996 842 corbes
2020 776 2172 841 frumenti
2196 777 2229 841 iu
2251 778 2334 842 sesto
2357 786 2465 844 sancte

651 883 754 950 Maris
778 885 924 969 augusti,
950 885 1142 971 computatis
1174 883 1266 948 dictis
1297 883 1468 968 sexaginta
1499 884 1611 948 corbes
1642 883 1811 967 frumenti,
1836 884 1891 970 qui
1919 884 2067 948 dominus
2090 884 2208 948 Petrus
2232 885 2334 950 dietas
2357 908 2408 950 res
2432 909 2465 952 so

651 1013 709 1078 pro
733 991 826 1055 dietis
849 990 999 1055 Johanue
1023 998 1055 1054 01
1078 990 1221 1055 Roberto
1245 990 1409 1054 constituit
1432 989 1577 1075 precario
1601 989 1774 1076 possidere.
1799 989 1890 1054 Dans
1915 989 2000 1054 dicto
2023 990 2176 1074 Iohanni,
2193 1013 2252 1077 pro
2271 1013 2305 1056 se
2329 999 2361 1056 et
2381 992 2465 1058 dieto

651 1097 794 1162 Roberto
819 1097 996 1183 recipienti,
1014 1097 1177 1161 licentiam
1197 1104 1230 1160 et
1252 1096 1389 1160 liberam
1411 1103 1604 1183 potestatem
1628 1097 1770 1182 ipsa-rum
1793 1117 1902 1161 rerum
1925 1097 2161 1183 possessionem
2185 1099 2385 1185 corporalem
2408 1121 2466 1164 sua

652 1205 843 1269 auctoritate
868 1203 1047 1290 aecipiendi
1071 1211 1102 1268 et
1126 1203 1295 1268 retinendi.
1313 1202 1383 1278 Qua
1408 1204 1536 1290 quidem
1557 1204 1664 1267 omnia
1681 1209 1712 1268 01
1729 1203 1857 1289 singula
1874 1204 2093 1291 suprascripta
2108 1205 2185 1269 seeit
2201 1205 2304 1271 dietus
2321 1207 2466 1271 dominus

651 1312 769 1376 Petrus
792 1311 834 1374 ad
857 1310 1074 1397 predictorum
1099 1332 1230 1375 suorum
1254 1310 1482 1375 canonicorum
1505 1310 1702 1394 instantiam,
1719 1317 1788 1374 turn
1811 1311 1909 1375 etiam
1933 1311 1974 1375 ad
1998 1310 2186 1376 instantiam
2201 1312 2322 1377 domini
2338 1312 2466 1378 Galeoti

651 1418 788 1506 predicti
811 1439 923 1482 eorum
946 1417 1064 1504 patris,
1090 1419 1145 1503 qui
1168 1424 1234 1482 tam
1258 1417 1336 1500 sibi,
1362 1439 1456 1504 quarn
1482 1417 1624 1504 predicte
1647 1418 1781 1482 ecclesie
1805 1425 1914 1482 sancte
1937 1417 2041 1482 110110
2064 1418 2198 1503 hlajoris
2221 1419 2411 1502 deservivit,
2436 1427 2467 1484 et

650 1526 754 1613 ipsam
778 1525 947 1590 ecclesiam
971 1531 1003 1589 ct
1026 1527 1096 1610 ejus
1117 1527 1192 1610 jura
1217 1525 1398 1589 defensavit
1421 1531 1454 1589 01
1477 1525 1592 1590 cotidie
1617 1533 1749 1612 paratus
1772 1533 1822 1591 001
1844 1526 2024 1609 defensare,
2042 1547 2084 1589 cx
2107 1527 2223 1612 quibus
2247 1533 2280 1590 01
2301 1527 2373 1592 01110
2396 1549 2467 1614 prc-

651 1633 728 1698 dieti
752 1633 833 1697 bene
857 1633 964 1697 meriti
987 1639 1071 1696 sunt.
1095 1633 1292 1697 Promittens
1316 1632 1420 1696 dictus
1444 1631 1591 1696 dominus
1613 1633 1730 1697 Petrus
1755 1654 1813 1698 suo
1837 1633 1976 1716 nomine,
1993 1639 2026 1698 et
2049 1633 2177 1698 nomine
2200 1641 2233 1698 et
2252 1633 2322 1698 vice
2338 1655 2467 1698 suorum

652 1761 872 1804 suceessorum
904 1746 936 1804 et
968 1740 1102 1804 ecclesie
1134 1739 1291 1826 prelibate
1323 1739 1407 1804 dIcto
1431 1739 1574 1804 Johanni
1597 1761 1655 1826 pro
1679 1761 1713 1804 se
1737 1746 1769 1804 et
1793 1740 1877 1804 dicto
1901 1740 2044 1805 Roberto
2077 1741 2234 1827 solempni
2261 1741 2466 1828 stipulatione

651 1848 769 1912 dietam
790 1847 962 1929 dationem,
981 1847 1219 1912 concessionem
1243 1855 1274 1910 et
1298 1847 1551 1931 assignationem
1573 1847 1607 1911 in
1630 1853 1820 1933 perpetuum
1842 1847 1950 1910 firmas
1966 1853 1998 1912 et
2015 1854 2102 1911 ratas
2117 1847 2249 1930 habere,
2265 1854 2298 1912 01
2313 1870 2377 1912 non
2393 1869 2466 1913 con·

651 1954 813 2019 travenire
836 1955 903 2018 ullo
926 1960 1071 2040 tempore
1094 1975 1152 2040 per
1175 1975 1209 2017 se
1226 1954 1281 2018 vel
1296 1975 1353 2040 per
1369 1954 1478 2036 alium,
1496 1953 1555 2018 sub
1579 1975 1663 2040 pena
1687 1961 1815 2018 centum
1838 1955 1995 2018 librarum
2018 1955 2244 2041 imperialium,
2261 1955 2466 2042 stipulatione

651 2062 809 2147 solempni
833 2061 1000 2147 premissa,
1017 2067 1049 2124 01
1073 2061 1132 2124 sub
1157 2061 1353 2145 obligatione
1377 2061 1534 2124 bonorum
1558 2083 1689 2125 suorum
1710 2067 1742 2126 et
1765 2061 1848 2126 dicte
1872 2061 2006 2126 ecclesie
2023 2069 2133 2125 sancta
2149 2061 2251 2126 Maris
2268 2062 2419 2147 Majoris3
2437 2070 2468 2126 01

650 2191 735 2254 pena
759 2169 864 2233 soluta
889 2168 940 2232 vel
964 2189 1038 2250 non,
1064 2167 1208 2254 predicta
1232 2168 1340 2232 omnia
1363 2175 1395 2232 et
1419 2168 1548 2252 singula
1571 2169 1663 2231 firma
1687 2175 1907 2254 permaneant.
1931 2168 2005 2233 Hoc
2028 2175 2136 2233 tamen
2161 2170 2262 2252 salvo,
2284 2169 2369 2255 quod
2393 2191 2466 2234 eon·

650 2282 772 2340 tractus
804 2275 967 2361 predictus
995 2282 1028 2339 et
1051 2275 1159 2339 omnia
1183 2282 1215 2339 01
1238 2275 1367 2360 singula
1390 2275 1609 2362 suprascripta
1632 2277 1677 2339 ita
1701 2275 1831 2340 demum
1853 2276 1952 2341 robur
1975 2283 2007 2340 01
2030 2277 2214 2342 firmitatem
2237 2277 2416 2360 obtineant,
2442 2278 2468 2340 si

568 2369 570 2372 ⁵
650 2384 845 2448 venerabilis
868 2389 961 2470 pater
985 2383 1132 2447 dominus
1150 2431 1289 2446 ......
1308 2383 1347 2448 (¹)
1364 2383 1571 2446 bononiensis
1592 2383 1772 2469 episeopus,
1789 2384 2014 2448 auctoritatem
2037 2405 2129 2448 suam
2152 2384 2304 2471 predictis
2329 2385 2467 2472 interpo-

650 2493 750 2554 suerit
773 2497 805 2554 01
829 2491 1004 2573 decretum,
1022 2489 1175 2575 alioquin,
1193 2512 1234 2554 ex
1258 2511 1343 2554 nune
1366 2497 1403 2553 ut
1426 2511 1467 2553 ex
1490 2496 1577 2572 tunc,
1594 2490 1757 2576 predictus
1780 2497 1963 2555 contractus
1987 2497 2019 2556 et
2039 2491 2146 2556 omnia
2162 2499 2195 2556 01
2210 2491 2339 2578 singula
2356 2513 2467 2578 supra·

649 2598 768 2683 scripta
793 2619 850 2684 pro
874 2618 940 2661 non
962 2596 1055 2660 lactis
1080 2603 1113 2660 01
1136 2597 1217 2661 111110
1241 2597 1432 2661 habeantur.

738 2705 791 2769 Ex
814 2706 1026 2769 instrumento
1051 2704 1225 2768 Johaehini
1248 2704 1396 2790 Ardoyni
1418 2705 1536 2768 notarii
1552 2705 1638 2770 facto
1654 2703 1750 2769 hodie
1766 2705 1912 2769 Bononio
1934 2705 1965 2769 in
1990 2727 2120 2769 camara
2143 2705 2263 2770 domini
2287 2704 2393 2770 Bondi
2416 2727 2469 2769 ca·

651 2812 756 2876 nonici
779 2819 889 2875 sancte
913 2811 1016 2875 Maria
1040 2811 1193 2896 Majoris,
1218 2812 1420 2898 presentibus
1445 2812 1573 2876 domino
1597 2812 1739 2897 Ugolino
1772 2812 1893 2876 domini
1924 2811 2078 2876 Guizardi
2102 2811 2141 2876 (10
2164 2813 2311 2877 Polieino
2334 2813 2468 2895 elerico,

649 2920 773 2985 Iacobo
797 2922 867 3004 ejus
891 2919 1001 3003 fratre,
1027 2921 1113 2985 Gillo
1139 2919 1295 2983 Guidouis
1318 2921 1411 2985 Pinio
1436 2921 1475 2984 (10
1507 2919 1619 2984 Castro
1647 2920 1849 3003 Brittonum,
1873 2919 2076 2984 Bernardino
2108 2920 2269 3007 Siripagle
2294 2920 2333 2984 de
2357 2927 2468 2984 saneto

648 3027 798 3092 Johanne
824 3035 855 3090 et
878 3027 1108 3092 Bartholomeo
1133 3027 1278 3112 Longitij
1302 3028 1341 3091 (10
1365 3028 1504 3092 Francia
1527 3029 1662 3092 testibus
1687 3029 1818 3114 rogatis.

1462 3437 1659 3501 XXXVIII.

1388 3687 1486 3770 1280,
1511 3686 1531 3748 5
1554 3685 1739 3771 septembris

721 3939 773 4004 Ex
796 3939 897 4003 Areh.
922 3937 1011 4002 Max.
1034 3938 1108 4002 hon.
1133 3937 1165 4000 in
1191 3935 1424 4000 Metuo-rioldus
1450 3935 1638 4020 0000011010,
1662 3936 1759 4000 hlem.
1785 3936 1980 4001 Gherardini
2002 3936 2224 4020 Bonazuntae,
2249 3959 2314 4002 car.
2338 3940 2392 4002 43.

738 4205 800 4270 Die
825 4205 936 4290 quinto
960 4204 1101 4268 intrante
1126 4204 1301 4290 septembri
1324 4203 1512 4287 [1000111111

737 4312 898 4376 Martinus
921 4310 1109 4396 Bagnarola
1132 4311 1284 4375 bannitor
1307 4317 1339 4375 01
1363 4310 1513 4397 syndicus
1538 4311 1683 4375 comunis
1706 4309 1852 4376 Bononio
1884 4332 1926 4374 ex
1956 4310 2147 4375 auctoritate
2171 4310 2305 4375 Consilii
2335 4332 2469 4374 sescen-

648 4428 754 4486 torum
779 4427 811 4483 01
834 4419 952 4505 Populi
975 4440 1017 4482 ex
1041 4418 1269 4483 reformatione
1294 4419 1414 4505 scripta
1437 4439 1535 4482 manu
1550 4418 1728 4484 Iohannini
1743 4418 1901 4504 Henrige,
1918 4418 2037 4483 notarii
2058 4417 2162 4483 officio
2177 4417 2469 4500 Reformationum,

648 4528 691 4593 ad
714 4526 920 4612 infrascripta
943 4524 1127 4611 specialiter
1150 4525 1342 4590 constitutus
1366 4532 1401 4589 ut
1424 4531 1549 4590 constat
1578 4547 1620 4590 ex
1652 4526 1863 4590 instrumento
1894 4525 2080 4611 syndicatus
2112 4525 2230 4611 scripto
2262 4546 2359 4589 mauu
2390 4524 2469 4590 dicti

648 4634 826 4701 Johannini
849 4633 977 4715 notarii,
995 4634 1064 4697 vicc
1088 4640 1120 4696 01
1144 4633 1272 4697 nomine
1296 4633 1372 4697 dicti
1396 4633 1540 4697 comunis
1564 4638 1596 4697 01
1619 4654 1678 4719 pro
1701 4633 1771 4718 ipso
1796 4653 1941 4715 comune,
1966 4633 1999 4696 in
2022 4633 2185 4719 presentia
2209 4631 2331 4697 domini
2352 4631 2469 4715 Stuldi,

649 4742 765 4828 Jaoopi
787 4740 921 4823 Viearii,
946 4739 1067 4804 domini
1089 4740 1258 4805 Bartholdi
1282 4740 1321 4804 dc
1344 4739 1418 4803 filiis
1441 4739 1529 4823 Ursi,
1554 4740 1678 4804 comitis
1702 4740 1870 4826 potestatis
1893 4739 2057 4822 Bononio,
2074 4739 2221 4825 promisit
2243 4739 2321 4803 dare
2349 4745 2381 4802 et
2405 4739 2470 4804 sol·

648 4871 724 4914 vere
748 4848 833 4913 dicto
858 4846 1013 4931 magistro
1038 4846 1164 4930 Garsie,
1188 4847 1312 4912 doctori
1334 4847 1536 4911 decretorum
1560 4853 1592 4910 et
1620 4848 1775 4912 canonico
1808 4847 2077 4933 compostellano,
2102 4846 2469 4932 centumquinquaginta

647 4959 747 5023 libras
771 4957 1015 5020 bononenorum
1039 4955 1113 5019 hinc
1137 4954 1179 5019 ad
1202 4955 1320 5020 festum
1344 4956 1446 5020 sancti
1469 4955 1600 5019 Andree
1625 4955 1664 5020 de
1689 4977 1798 5019 mense
1822 4955 1990 5019 novembri
2005 4955 2163 5042 proximo,
2180 4961 2212 5018 et
2228 4955 2289 5019 hoc
2304 4953 2376 5019 ideo
2393 4956 2470 5040 quia

648 5066 751 5130 dictus
775 5063 933 5148 magister
957 5062 1090 5125 Garsias
1113 5063 1260 5148 promisit
1280 5063 1344 5149 ipsi
1366 5063 1510 5149 syndico,
1527 5062 1695 5149 recipienti
1718 5063 1847 5128 nomine
1871 5069 1903 5126 01
1926 5062 1996 5126 vice
2020 5061 2164 5126 comunis
2186 5061 2332 5126 Bononia
2349 5068 2382 5125 01
2397 5062 2468 5126 uni·

646 5172 808 5238 versitatis
833 5170 1028 5234 scholarium
1051 5170 1209 5254 Bononie,
1234 5172 1342 5256 legere
1367 5171 1448 5235 bene
1473 5177 1505 5234 01
1529 5170 1716 5235 continuare
1740 5171 1905 5234 decretum
1927 5177 2029 5234 totum
2046 5191 2066 5235 a
2082 5168 2164 5234 festo
2181 5170 2285 5234 sancti
2300 5169 2469 5234 Michaelis

647 5279 787 5368 proximi
812 5299 914 5363 usque
938 5276 980 5340 ad
1003 5298 1103 5340 unum
1127 5299 1248 5341 anuum
1270 5277 1474 5365 completum,
1492 5299 1534 5341 ex
1557 5277 1770 5342 instrumento
1793 5277 1911 5364 scripto
1936 5298 2034 5340 manu
2057 5276 2235 5342 Johannini
2250 5276 2397 5362 predicti,
2414 5298 2469 5341 no·

647 5388 737 5471 terii,
762 5385 857 5450 hodie
890 5383 976 5448 facto
1000 5384 1033 5447 in
1058 5385 1178 5471 palatio
1202 5406 1286 5450 novo
1318 5385 1461 5449 comunis
1492 5384 1657 5468 Bononio,
1682 5385 1885 5472 presentibus
1917 5385 2053 5449 dominis
2084 5384 2297 5448 Bencevenne
2332 5382 2469 5448 condam

648 5495 770 5562 domini
793 5492 922 5578 Pagani
945 5491 984 5555 de
1010 5492 1133 5576 Aratio,
1155 5493 1264 5578 judice
1288 5493 1365 5558 dieti
1391 5492 1495 5557 Stuldi
1519 5493 1649 5577 vicarij,
1673 5492 1831 5578 Gregorio
1855 5492 1894 5556 de
1919 5491 2090 5575 Guerzino,
2114 5490 2329 5556 Albertinello
2353 5491 2469 5555 Zanini

647 5603 687 5668 de
715 5601 904 5686 Alberghis,
929 5599 1087 5665 Nicholao
1111 5600 1300 5665 Thomasini
1323 5599 1465 5664 barberii
1489 5605 1521 5663 et
1543 5599 1635 5685 Lapo
1661 5599 1814 5686 Specialli
1844 5599 1998 5681 testibus,
2022 5605 2054 5663 et
2078 5598 2123 5662 sic
2151 5597 2286 5684 predicti
2313 5597 2469 5683 magister

647 5710 765 5775 Geraia
789 5717 821 5772 et
846 5706 998 5794 syndicus
1022 5707 1186 5793 predictus
1210 5706 1356 5772 lecerunt
1380 5707 1477 5771 scribi
1499 5713 1532 5770 et
1554 5707 1631 5792 poni
1654 5705 1688 5770 iu
1711 5706 1905 5772 Memorialli
1929 5706 2124 5771 Communis.
