5492 7750
1413 662 1655 713 monatianum

1451 1029 1613 1094 XXXIX.

1376 1247 1462 1310 1281
1469 1297 1478 1330 ,
1504 1247 1522 1309 1
1545 1245 1680 1310 octobrio.

683 1463 736 1528 Ex
760 1483 857 1551 opere
881 1463 919 1526 T.
943 1461 1078 1549 Rymeri
1106 1460 1295 1545 «Foedera,
1317 1463 1524 1526 conventiones
1547 1467 1608 1525 ete.
1633 1483 1663 1542 ι,
1688 1466 1765 1524 torn.
1789 1459 1839 1542 I.,
1863 1479 1939 1546 pars
1963 1458 1990 1522 I.
2014 1465 2046 1523 et
2069 1457 2134 1542 Π.,
2157 1479 2233 1545 pag.
2261 1460 2323 1524 196
2334 1458 2384 1524 (l).

921 1675 945 1760 [
947 1676 1067 1758 Litora,
1092 1696 1153 1760 qna
1176 1673 1362 1738 Fronctscna
1385 1674 1527 1738 Accarsii
1549 1675 1665 1738 inraoit
1684 1673 1862 1756 fidelitatem
1885 1671 1964 1758 Regi
1986 1669 2153 1759 AngliaeJ.

708 1891 878 1956 Universis
904 1889 1024 1954 Christi
1046 1888 1196 1952 fidelibus
1224 1887 1284 1952 hoc
1307 1908 1440 1974 presens
1464 1885 1618 1973 scriptum
1641 1884 1759 1950 visuris
1782 1893 1815 1950 et
1838 1885 1996 1950 audituris
2018 1885 2211 1950 Franciscus
2232 1885 2381 1951 Accursii
2401 1887 2440 1952 de

620 2000 779 2082 Bononia,
803 1998 915 2063 doctor
938 1998 1058 2082 legum,
1083 1996 1220 2060 salutern
1244 1995 1277 2058 in
1300 1993 1450 2058 Domino.

710 2107 846 2172 Noverit
869 2104 1072 2169 Universitos
1096 2110 1205 2168 vestro
1228 2101 1332 2188 quod,
1357 2123 1430 2166 cum
1453 2101 1676 2166 serenissimus
1701 2101 1857 2187 Princeps
1888 2107 1920 2165 et
1950 2101 2097 2166 dominus
2129 2123 2219 2166 meus
2251 2101 2440 2166 karissimus

621 2215 770 2280 dominus
793 2213 994 2294 Edwardus,
1018 2211 1082 2275 Dei
1105 2209 1212 2296 gratia
1235 2231 1294 2273 rex
1317 2209 1437 2294 Anglie
1461 2209 1613 2292 illustris,
1636 2230 1695 2294 pro
1726 2207 1858 2272 servitio
1882 2229 1954 2272 mec
1977 2208 2039 2272 ribi
2061 2208 2218 2273 haetenus
2240 2209 2386 2296 impenso
2410 2215 2442 2273 et

620 2324 820 2408 inpostorum
844 2318 1059 2406 inpendendo,
1077 2317 1201 2381 dederit
1225 2316 1304 2380 mihi
1327 2315 1574 2402 quadringintos
1597 2337 1723 2379 marcas
1746 2313 1975 2400 sterlingorum
1997 2336 2055 2401 pre
2078 2315 2237 2399 monibus,
2255 2323 2287 2380 et
2306 2315 2441 2380 ulterius

620 2428 815 2492 concesserit
839 2425 919 2494 mihi
942 2422 1158 2511 quadraginta
1181 2443 1307 2486 marcas
1330 2421 1467 2507 singulis
1491 2422 1584 2484 annis
1609 2420 1650 2486 ad
1674 2427 1776 2484 totam
1799 2420 1900 2484 vitam
1923 2440 2038 2504 meam,
2055 2442 2127 2506 ego,
2144 2443 2202 2507 pro
2222 2428 2314 2486 tanta
2338 2420 2441 2486 curia·

619 2538 712 2600 litate
735 2535 815 2599 mihi
837 2537 998 2620 impensa,
1023 2532 1086 2596 feci
1109 2532 1300 2595 fidelitatem
1323 2530 1427 2594 eidem
1451 2531 1580 2598 domino
1605 2551 1676 2594 meo
1701 2530 1789 2615 regi,
1811 2536 1844 2593 et
1866 2535 2104 2594 sacramentum
2128 2530 2294 2616 corporale
2318 2531 2444 2617 prestiti

622 2643 708 2731 quod
732 2643 880 2708 omnibus
906 2640 1019 2705 diebus
1043 2640 1108 2703 vito
1133 2660 1202 2702 mee
1227 2660 1282 2702 ero
1306 2639 1337 2702 ei
1359 2638 1475 2721 fidelis,
1492 2645 1524 2702 et
1548 2638 1655 2702 omnio
1679 2636 1814 2702 consilia
1837 2642 1869 2700 et
1893 2643 2018 2700 secreta
2040 2657 2099 2700 sua
2122 2636 2220 2701 michi
2243 2638 2388 2702 revelata
2411 2645 2443 2702 et

620 2751 806 2834 revelanda,
830 2749 968 2813 fideliter
992 2748 1122 2829 celabo,
1147 2752 1179 2810 et
1203 2745 1467 2832 quotiescumque
1490 2751 1522 2810 et
1546 2751 1839 2831 quantumcumque
1863 2743 1995 2809 servitio
2018 2765 2090 2808 mec
2113 2744 2289 2830 indiguerit
2312 2745 2345 2810 in
2367 2766 2441 2831 por·

619 2859 707 2926 tibus
730 2857 954 2924 transmarinis
983 2864 1015 2920 et
1039 2876 1097 2942 per
1120 2855 1236 2940 ipsum,
1253 2852 1305 2918 rel
1327 2874 1367 2916 ex
1391 2860 1484 2938 porte
1507 2873 1576 2935 sua,
1592 2872 1689 2938 super
1709 2851 1771 2915 hoc
1791 2849 1882 2915 fuero
1906 2851 2117 2937 premunitus,
2134 2851 2220 2916 circa
2243 2871 2283 2916 eo
2305 2851 2442 2916 fideliter

620 2974 653 3032 et
676 2967 850 3051 diligenter
871 2964 1027 3028 laborabo
1050 2969 1118 3027 toto
1142 2982 1236 3047 posse
1261 2959 1408 3024 omnibus
1432 2959 1612 3046 sumptibus
1635 2965 1668 3023 et
1691 2958 1841 3044 expensis
1866 2957 1987 3022 domini
2010 2959 2106 3043 regis,
2131 2965 2164 3022 et
2187 2959 2370 3024 omnimodo
2393 2958 2442 3023 in·

620 3075 818 3161 dempnitote
842 3073 922 3136 mihi
945 3079 1092 3154 servata3
1117 3078 1149 3135 et
1173 3068 1398 3132 nichilominus
1427 3068 1604 3131 satisfaciet
1636 3066 1733 3130 michi
1764 3067 1890 3152 integre
1916 3067 1955 3130 de
1979 3065 2076 3131 feudo
2100 3067 2261 3153 predicto,
2286 3067 2333 3131 ito
2356 3068 2442 3154 quod

622 3182 721 3246 nichil
745 3181 823 3244 mihi
847 3180 921 3243 inde
946 3178 1073 3243 decidet
1096 3176 1264 3241 occasione
1288 3181 1472 3261 sumptuum
1497 3174 1724 3260 predictorum.

710 3287 752 3352 Et
776 3288 817 3351 ad
842 3287 949 3351 omnia
973 3292 1005 3350 et
1028 3285 1158 3371 singula
1181 3283 1337 3370 premissa
1360 3281 1510 3346 facienda
1537 3281 1646 3367 obligo
1669 3304 1720 3347 me
1744 3289 1776 3346 et
1800 3282 1908 3347 omnia
1931 3281 2017 3346 bona
2042 3300 2112 3344 inea
2133 3280 2315 3345 mobiliaet
2330 3281 2441 3346 immo·

619 3395 708 3478 bilia,
732 3395 926 3480 ubicumque
950 3393 1071 3457 fuerint
1094 3391 1279 3456 constituta.

711 3501 751 3566 In
774 3503 867 3586 cujus
891 3501 940 3564 rei
961 3499 1182 3564 testimouium
1204 3497 1279 3562 huic
1303 3498 1421 3583 scripto
1446 3496 1582 3583 apposui
1605 3497 1747 3582 sigillum
1770 3517 1888 3561 meum.

712 3609 835 3673 Datum
858 3608 944 3694 opud
967 3607 1160 3688 Liudburst‚
1177 3605 1281 3691 primo
1305 3605 1356 3668 die
1381 3603 1530 3687 octobris,
1547 3625 1632 3668 anno
1655 3603 1788 3668 Domini
1809 3603 1980 3668 millesimo
2004 3601 2222 3668 ducentesimo
2247 3602 2442 3688 octogesimo

623 3716 738 3804 primo.

1496 3923 1570 3988 XL.

1346 4139 1444 4221 1282,
1470 4139 1511 4201 11
1535 4137 1718 4224 septembris.

774 4358 827 4422 Ex
851 4365 938 4421 torno
961 4354 1155 4420 LXXXIII.
1183 4352 1300 4417 Codicis
1323 4352 1522 4437 quloneatici
1547 4353 1712 4438 Gprnnaee'i
1733 4352 1947 4438 Bononiensis,
1970 4373 2057 4417 num.
2081 4353 2235 4418 XXXIII
2248 4354 2298 4418 (2).

711 4572 871 4638 Martinus
894 4571 986 4656 Papo
1002 4569 1077 4651 lv,
1094 4568 1199 4632 Priori
1216 4567 1463 4632 Prodicotorum
1479 4573 1511 4630 et
1527 4566 1715 4631 Guordiano
1731 4565 1892 4630 Minorum
1908 4565 2045 4630 fratrum
2068 4565 2226 4631 Ordinum
2241 4567 2441 4632 bononiensi.

709 4680 822 4766 Nuper
846 4678 887 4741 ad
910 4683 1059 4742 nostrum
1081 4676 1229 4761 pervenit
1253 4675 1409 4756 auditum,
1434 4673 1519 4759 quod
1543 4674 1619 4738 olim
1649 4673 1797 4737 Scolores
1831 4673 1864 4736 iu
1897 4674 2027 4738 civitate
2058 4673 2249 4738 bononiensi
2279 4682 2442 4739 morantes

620 4788 791 4869 Potestati,
808 4785 996 4872 capitaneo,
1015 4783 1177 4866 Antianis,
1196 4782 1399 4864 Consulibus,
1416 4781 1558 4846 Consilio
1583 4788 1615 4846 et
1635 4780 1806 4846 Communi
1820 4781 2071 4846 bononiensibus
2089 4780 2242 4867 quasdam
2260 4781 2442 4868 petitiones,

619 4896 830 4984 respicientes
854 4892 1000 4957 favorem
1024 4891 1184 4955 dictorum
1208 4889 1399 4972 Scolarium,
1416 4894 1641 4975 porrexerunt,
1659 4895 1691 4953 et
1713 4888 1848 4975 prestito
1869 4890 2055 4972 juramento
2077 4888 2246 4952 firmarunt
2269 4888 2365 4974 quod,
2381 4889 2443 4953 nisi

620 5005 706 5068 infra
729 5009 853 5067 certum
875 5000 1030 5086 temporis
1053 4999 1194 5084 spatium
1218 5019 1238 5061 a
1261 4997 1405 5084 predicto
1423 4996 1593 5061 Comumni
1608 4997 1780 5082 petitiones
1804 4995 2049 5060 admitterentur
2064 4994 2199 5082 prefate,
2217 4995 2366 5060 Scolares
2381 4996 2443 5082 ipsi

620 5133 723 5198 usqua
748 5109 790 5174 od
812 5109 932 5173 festum
955 5107 1044 5171 beati
1066 5105 1236 5170 Michaelis
1262 5105 1410 5190 proxime
1438 5110 1611 5168 venturum
1645 5103 1685 5167 do
1720 5104 1850 5167 civitate
1882 5104 1950 5188 ipsa
1987 5103 2192 5186 recederent,
2226 5103 2268 5167 sd
2299 5125 2371 5168 eom
2401 5124 2444 5168 ex

619 5227 697 5284 tunc
720 5216 806 5281 infra
829 5215 1085 5302 quinquennium
1109 5234 1208 5277 causa
1232 5211 1337 5276 Stadii
1361 5211 1492 5274 minimo
1516 5209 1666 5292 redituri;
1682 5217 1714 5274 et
1729 5211 1813 5275 inter
1835 5209 1916 5274 alias
1939 5209 2111 5296 petitiones
2134 5209 2320 5296 hujusmodi
2342 5211 2444 5275 conti·

619 5327 742 5392 nebant
772 5331 808 5389 ut
838 5323 1020 5410 privilegia,
1045 5319 1260 5386 Universitoti
1287 5318 1506 5404 predictorum
1542 5317 1722 5382 Scolacium
1756 5339 1909 5382 concessa
1939 5324 1972 5382 et
2005 5317 2205 5404 inposterum
2228 5317 2443 5401 concedenda,

620 5435 746 5519 integre
771 5432 849 5518 ipsis
874 5430 1062 5494 Scolaribus
1086 5432 1331 5510 causamentum
1356 5425 1401 5489 ita
1426 5425 1528 5511 quod,
1557 5425 1584 5488 si
1608 5425 1774 5510 contingat
1804 5425 1890 5488 dicta
1923 5425 2103 5510 Pririlegia
2137 5425 2170 5489 in
2201 5431 2305 5490 totum
2327 5426 2379 5490 vel
2409 5426 2444 5490 in

620 5542 731 5627 aliqua
754 5539 804 5604 sui
828 5543 920 5625 parto
945 5535 1089 5622 infringi,
1115 5535 1282 5621 promittat
1298 5540 1330 5597 et
1346 5539 1496 5597 teneatur
1511 5531 1632 5596 dictum
1648 5531 1825 5597 Commune
1841 5532 1929 5596 mille
1952 5532 2052 5596 libros
2076 5532 2292 5618 imperialium
2315 5533 2443 5598 nomine

620 5670 703 5736 pene
727 5647 872 5727 solvere,
896 5664 1030 5707 romane
1053 5643 1198 5707 Ecclesia
1223 5640 1424 5728 applicande.
1450 5638 1608 5725 Quodque
1636 5639 1786 5703 Potestas
1809 5640 1861 5704 rel
1885 5639 2102 5725 Oopitauous,
2127 5661 2185 5703 seu
2209 5639 2326 5725 aliquis
2356 5640 2443 5705 vices

620 5776 732 5821 eorum
755 5773 883 5839 gerens,
908 5771 972 5815 nou
996 5750 1098 5837 possit
1120 5750 1317 5814 bononiense
1343 5748 1493 5813 Studium
1516 5747 1693 5833 impedire,
1717 5746 1916 5832 prohibendo
1950 5746 2134 5811 doctoribus
2164 5769 2204 5811 ne
2235 5747 2368 5832 legant,
2392 5748 2445 5811 vel

620 5859 827 5949 precipiendo
850 5867 886 5923 nt
909 5859 1021 5944 legant
1045 5863 1157 5921 contra
1181 5857 1380 5921 voluntatem
1406 5855 1587 5920 Scolorium
1610 5853 1837 5940 predictorum,
1862 5855 1914 5918 vel
1945 5853 2008 5918 alio
2033 5875 2161 5939 quoquo
2185 5853 2290 5919 modo.
2321 5853 2445 5918 Verum

620 5969 706 6056 quia,
730 5969 813 6033 sicut
836 5967 1030 6053 accepimus,
1057 5963 1175 6050 prefati
1199 5964 1359 6046 Potestas,
1384 5962 1580 6048 Capitoneus
1604 5968 1636 6025 et
1661 5960 1837 6026 Commune
1872 5982 1906 6024 se
1930 5960 1971 6024 od
1998 5961 2177 6048 prodictam
2199 5982 2317 6047 penam
2341 5963 2446 6026 teneri

702 6256 741 6322 (1)
761 6254 897 6318 Foedera,
920 6253 1115 6316 coercentiones,
1135 6250 1230 6300 literae
1244 6288 1251 6301 .
1265 6287 1271 6299 .
1285 6285 1313 6300 ..
1338 6249 1409 6298 inter
1432 6263 1507 6313 reyes
1562 6248 1639 6300 orales
1658 6247 1768 6298 cleantes
1792 6247 1821 6298 in
1850 6245 1935 6297 anri
1957 6246 2126 6298 Londinensr'
2149 6249 2235 6299 deerno
2262 6262 2368 6299 samotra
2395 6246 2447 6312 fide

623 6346 742 6413 Angle'ae
761 6351 785 6397 et
807 6345 876 6396 alios
904 6344 1009 6410 quosvis
1034 6344 1224 6408 e'nrperatores,
1243 6355 1335 6405 reges,
1350 6338 1505 6404 porrtr'fiecs,
1560 6337 1659 6389 collata
1678 6344 1701 6388 et
1720 6337 1860 6388 carendata
1879 6337 1968 6388 stadio
1986 6335 2095 6402 Georgii
2108 6336 2224 6388 Hotmes.
2238 6367 2272 6375 ——
2287 6336 2384 6402 Herone
2398 6335 2446 6388 Co-

616 6435 817 6505 principes,cel
830 6434 1031 6485 communitates
1050 6431 1084 6482 ab
1103 6433 1211 6482 inerrate
1228 6428 1334 6480 saeculo
1352 6428 1506 6479 duodecimo
1562 6429 1644 6493 neritis,
1663 6427 1738 6494 aprrd
1756 6426 1785 6478 J.
1804 6426 1944 6491 Neanlnre,
1964 6426 1999 6478 M
2004 6425 2078 6477 DCC
2084 6426 2219 6478 XXXIX.

621 6529 843 6578 ....accra·ante
866 6523 971 6575 Thoona
990 6522 1099 6588 Romen.
1114 6553 1146 6560 -
1161 6521 1254 6573 Editio
1270 6521 1352 6572 tertia
1370 6520 1407 6570 ad
1425 6519 1508 6585 oriat-
1645 6519 1683 6584 (2)
1704 6517 1746 6568 le
1764 6534 1820 6587 reg.
1839 6517 1927 6588 primo
1946 6516 2058 6568 Martini
2077 6515 2138 6582 lt,
2159 6533 2202 6586 ep.
2222 6519 2265 6582 96,
2285 6515 2333 6568 fol.
2353 6517 2396 6567 ts.
