5484 7746
666 687 900 737 SPEOTAN'I'IA
919 687 970 737 AD
990 686 1154 737 CLASSEM
1175 687 1540 738 ARCHIDIACONORUM
1559 689 1662 738 ECCL.
1683 687 1820 738 BONON.
2074 669 2149 739 267

336 840 483 905 conferas
515 847 547 905 et
578 841 743 927 assignes,
770 841 925 906 reducens
949 842 982 905 in
1005 841 1132 904 irritum
1163 840 1269 927 siquid
1296 848 1368 927 post
1399 841 1615 927 receptionem
1646 842 1812 905 literarum
1844 849 2026 905 nostrarum
2056 865 2153 929 super

335 947 447 1011 codem
472 947 747 1012 Archidiaconatu
772 949 813 1012 ab
838 949 884 1011 eis
909 947 1005 1012 fuerit
1029 953 1265 1034 attemptatum.
1291 947 1550 1013 Contradictores
1570 969 1628 1033 per
1645 969 1813 1012 censuram
1830 948 2080 1013 ecclesiasticam
2096 971 2152 1036 ap-

334 1055 509 1140 pellatione
533 1055 722 1142 postposita,
746 1056 988 1141 compescendo.

423 1162 545 1226 Datum
567 1162 680 1226 Reatis
704 1163 738 1246 ij.
760 1162 918 1226 kalendas
941 1162 1109 1246 februarij,
1134 1163 1340 1248 pontificatus
1362 1163 1464 1227 nostri
1488 1184 1572 1227 anuo
1596 1161 1779 1228 decimcfll.

1182 1482 1308 1548 XXVI.

1114 1697 1212 1780 1233,
1239 1697 1281 1759 13
1305 1698 1384 1761 icelii.

711 1909 765 1974 Ex
790 1919 856 1974 torn
889 1910 1034 1976 XXVII.
1063 1910 1137 1975 Coa.
1161 1911 1236 1996 depr.
1261 1909 1345 1975 Eccl.
1370 1911 1458 1996 bora,
1482 1932 1568 1974 uum.
1593 1910 1786 1975 LXXXIII.

427 2127 603 2211 Gregorius
627 2126 687 2190 IX.
702 2127 740 2192 (2)
757 2126 994 2191 Archidiaocno
1011 2126 1202 2192 bononiensi
1218 2135 1250 2190 et
1266 2126 1373 2190 Priori
1389 2133 1499 2190 ennete
1515 2126 1619 2189 Mario
1636 2126 1675 2190 de
1691 2126 1795 2210 Reno,
1813 2135 1847 2191 et
1862 2128 1954 2191 fratri
1970 2128 2074 2193 Palm.
2094 2179 2100 2192 .
2120 2177 2127 2192 .
2146 2178 2154 2194 .

336 2235 490 2298 canonico
515 2235 649 2298 ecclesie
674 2234 713 2296 de
739 2232 962 2320 Campaniola,
987 2233 1192 2298 bononiensis
1217 2240 1249 2298 et
1273 2234 1453 2318 reginensis
1477 2233 1669 2297 dioecesum.

425 2341 610 2405 Visibilium
634 2347 667 2404 et
690 2341 900 2404 invisibilium
924 2341 1070 2405 eonditor
1094 2341 1316 2426 cunctipotens
1340 2348 1372 2404 et
1395 2348 1525 2404 eternus
1549 2342 1609 2404 etsi
1633 2349 1726 2425 grata
1750 2342 1924 2406 multorum
1939 2345 2155 2430 perpetuitate

336 2449 494 2512 bonorum
517 2448 672 2534 populum
696 2447 819 2512 reficiat
842 2470 937 2534 quom
961 2447 1150 2533 plasmavit,
1176 2448 1266 2511 illurn
1298 2455 1406 2510 tarneu
1438 2454 1602 2532 gratorum
1635 2448 1814 2512 successiva
1845 2458 1970 2514 recreat
1993 2451 2154 2514 creatione

336 2577 508 2638 novorum,
533 2577 571 2619 eo
595 2556 680 2641 quod
705 2556 761 2618 illa
785 2556 924 2619 humane
948 2555 1140 2620 conditionis
1164 2554 1343 2637 affectibus,
1369 2563 1400 2618 et
1424 2576 1480 2618 sue
1505 2554 1617 2618 salutis
1642 2555 1808 2619 effectibus
1833 2557 1896 2620 sint
1921 2558 2039 2640 votiva,
2060 2564 2156 2643 prout

334 2663 451 2748 probat
475 2663 631 2749 inspectio
651 2663 766 2726 florum
783 2683 898 2726 amena
914 2663 1091 2726 recentium
1108 2669 1141 2726 et
1156 2662 1289 2726 exhibet
1306 2663 1468 2748 perceptio
1485 2660 1647 2725 fructuum
1663 2664 1805 2747 gratuita
1822 2664 2032 2728 novellorum.
2050 2664 2156 2749 Igitur

335 2768 377 2833 ad
401 2777 530 2833 eternas
555 2770 687 2834 delicias
711 2769 859 2833 fidelibus
885 2769 1111 2854 exponendas,
1137 2771 1178 2833 ad
1202 2769 1343 2832 darulum
1367 2769 1517 2854 gentibus
1540 2769 1632 2850 fidei,
1656 2771 1725 2854 spei
1748 2778 1780 2833 et
1803 2771 1969 2836 charitatis
2001 2793 2155 2856 augmen·
2185 2771 2191 2784 ’

334 2885 414 2960 tum,
440 2877 480 2940 ad
505 2877 691 2962 dirigendos
716 2878 749 2940 in
773 2878 858 2940 viam
882 2878 970 2962 pacis
995 2884 1026 2940 ct
1051 2877 1206 2940 claritatis
1231 2885 1340 2940 eterne
1372 2877 1470 2962 pedes
1494 2879 1527 2940 in
1551 2877 1691 2941 tenebris
1715 2885 1747 2940 et
1771 2879 1882 2942 mortis
1905 2879 2020 2941 urnbra
2043 2879 2155 2942 seden-

334 2985 434 3067 tium,
460 2984 538 3047 solis
562 2993 595 3048 et
618 2985 693 3049 lune
717 2984 870 3048 mirificus
895 2992 1044 3070 operator
1068 2985 1100 3048 in
1125 2985 1235 3048 celesti
1259 2985 1338 3048 solio
1362 3006 1446 3048 nova
1471 2985 1617 3071 producit
1647 2985 1770 3048 lumina
1798 2985 1878 3050 lucis
1900 2986 2155 3070 inextinguibilis

336 3093 497 3174 emissiva,
520 3113 578 3178 per
602 3113 663 3177 que
688 3092 838 3156 cordibus
862 3092 1050 3155 devotorum
1076 3093 1278 3178 querentium
1302 3093 1431 3156 luminis
1456 3092 1627 3156 ineffabilis
1652 3092 1864 3156 lucidissimas
1891 3094 2074 3157 mansiones
2098 3095 2156 3156 irn-

337 3200 490 3262 mensitas
515 3199 723 3263 exultationis
748 3199 936 3280 infunditur,
961 3205 993 3261 ct
1017 3199 1082 3261 alia
1105 3199 1230 3261 infinita
1254 3199 1481 3263 beneficiorum
1505 3221 1625 3284 genera
1649 3198 1867 3263 conferuntur.
1892 3199 1994 3264 Porro
2014 3201 2156 3266 letantur

337 3306 444 3391 plures
468 3308 566 3391 hujus
590 3307 754 3393 presentia
777 3305 930 3392 temporis
954 3306 1055 3369 solam
1080 3306 1207 3369 stellam
1231 3307 1264 3368 in
1288 3306 1339 3369 dic
1363 3307 1557 3393 prospicere,
1578 3308 1633 3393 qui
1656 3307 1790 3371 decurso
1814 3307 1915 3372 noctis
1939 3316 2083 3394 tempore
2108 3311 2154 3374 in-

337 3435 486 3478 numeras
510 3411 544 3478 se
569 3415 715 3478 recolunt
738 3414 926 3499 inspexisse.
946 3412 1140 3476 Gaudebant
1160 3422 1191 3477 et
1209 3413 1296 3498 Magi
1318 3412 1478 3498 fulgorem
1494 3416 1645 3498 siderum,
1663 3437 1724 3501 que
1742 3415 1782 3478 ab
1799 3415 1890 3478 initio
1911 3415 1973 3479 Dei
1996 3417 2155 3502 sapientia

336 3521 458 3584 fecerat
481 3523 608 3604 intueri,
626 3521 683 3584 scd
706 3528 889 3607 spectantes
913 3521 1041 3584 stellam
1065 3542 1182 3584 novam
1206 3521 1237 3583 iu
1263 3521 1395 3586 Oriente
1420 3523 1505 3606 regis
1529 3523 1598 3586 nati
1621 3524 1777 3604 nuntiam,
1795 3523 1913 3606 gaudio
1935 3523 2155 3609 inexplicabili

336 3637 411 3693 sunt
435 3631 567 3716 perfusi.
584 3630 722 3694 Exultat
745 3629 896 3692 nimirum
920 3638 952 3693 et
976 3637 1087 3693 sancta
1112 3637 1214 3692 mater
1237 3629 1384 3694 Ecclesia
1409 3652 1481 3694 curn
1505 3631 1537 3693 in
1561 3632 1632 3715 ejus
1656 3631 1781 3716 fulgido
1801 3631 2002 3695 firmamento
2020 3632 2155 3696 diversis

336 3745 520 3801 sanctorum
545 3738 770 3824 splendoribus
795 3737 956 3800 illustrato
980 3736 1084 3820 fulget
1107 3736 1146 3799 de
1171 3758 1253 3800 novo
1278 3737 1377 3822 sydus
1400 3739 1605 3823 perspicuum
1630 3738 1802 3822 singularis
1826 3747 1858 3800 et
1881 3738 2084 3823 precellentis
2106 3740 2155 3803 lu·

336 3845 430 3908 minis
456 3847 669 3928 ostensivum,
694 3867 751 3930 per
776 3845 862 3929 quod
886 3845 1105 3929 ignorantium
1127 3844 1303 3908 Dominum
1326 3846 1458 3909 tenebre
1483 3846 1724 3931 propelluntur,
1748 3867 1807 3931 per
1830 3845 1914 3930 quod
1941 3846 2155 3911 hereticorum

336 3973 523 4037 perversum
548 3953 667 4038 dogma
691 3950 899 4016 confunditur
922 3958 955 4015 ct
977 3952 1120 4015 fidelium
1150 3952 1247 4015 beata
1278 3951 1451 4016 credulitas
1487 3952 1679 4037 adaugetur.
1704 3953 1788 4016 Sane
1821 3952 2000 4037 gaudentes
2031 3954 2155 4038 pridem

337 4059 538 4145 accepimus,
563 4060 649 4146 quod
673 4059 843 4123 recolende
867 4059 1020 4123 memorie
1044 4059 1145 4122 frater
1168 4059 1367 4142 Donrinieus,
1389 4060 1552 4145 plantator
1575 4059 1818 4124 Predieatorunr
1844 4059 1974 4124 Ordinis
1999 4068 2030 4123 et
2054 4062 2156 4146 magi-

337 4175 417 4249 ster,
442 4167 551 4230 divina
590 4166 810 4230 misericordia
842 4166 998 4248 faciente,
1023 4174 1222 4251 aggregatus
1254 4167 1373 4230 existat
1406 4166 1542 4250 collegio
1575 4167 1812 4252 Supernorum,
1837 4167 1974 4251 gloriam
2005 4189 2156 4232 concesse

336 4274 543 4338 beatitudinis
568 4273 668 4359 signis
693 4273 877 4359 exprimens
901 4273 1060 4358 gloriosis,
1079 4294 1154 4336 nam
1174 4275 1259 4338 circa
1282 4275 1465 4359 sepulcrum
1489 4275 1559 4357 ejus
1584 4281 1616 4337 et
1639 4273 1718 4338 loeis
1743 4274 1816 4359 alijs
1840 4295 1898 4359 per
1922 4275 2158 4338 invocationem

336 4381 386 4444 sui
409 4382 546 4446 nominis
570 4390 602 4446 ct
626 4381 805 4446 devotionis
830 4382 953 4445 sincere
977 4380 1152 4465 suffragia,
1177 4381 1279 4445 multa
1310 4381 1466 4444 miracula
1490 4381 1576 4444 eirea
1600 4382 1732 4464 multos,
1757 4381 1913 4444 mirabilis
1938 4382 1970 4445 in
1995 4382 2068 4445 altis
2091 4382 2159 4446 Do·

336 4490 441 4552 miuus
465 4489 685 4576 multiplieiter
710 4496 871 4575 operatur.
896 4489 926 4550 V
929 4510 1019 4552 crum
1045 4495 1077 4552 et
1100 4489 1128 4551 si
1152 4510 1209 4574 per
1232 4489 1389 4553 virtutum
1412 4489 1571 4574 insignia,
1597 4489 1713 4573 quibus
1738 4488 1814 4552 olim
1838 4497 2034 4553 memoratus
2058 4489 2159 4553 frater

336 4587 446 4662 extitit
468 4597 706 4662 multiformiter
730 4597 913 4682 insignitus,
937 4618 993 4661 seu
1018 4618 1076 4682 per
1100 4597 1225 4660 famosa
1248 4598 1415 4679 miracula,
1440 4597 1556 4682 quibus
1581 4598 1652 4680 ejus
1676 4605 1788 4662 sancta
1812 4598 1945 4662 rutilare
1970 4598 2086 4663 dicitur
2110 4619 2160 4662 ss·

336 4707 466 4791 pultura
491 4705 618 4769 celestis
642 4725 759 4790 sponse
783 4704 916 4768 vocibus
940 4703 980 4766 de
1003 4711 1188 4767 sanctorum
1212 4725 1282 4768 esse
1307 4725 1440 4767 numero
1465 4704 1582 4768 debeat
1598 4704 1762 4786 affirmari,
1779 4710 1888 4767 tamen
1905 4705 1981 4789 quia
1997 4705 2158 4768 mentibus

337 4813 498 4898 ambiguis
523 4813 629 4876 subito
654 4813 702 4876 rei
725 4813 845 4876 veritas
869 4833 933 4876 non
958 4811 1108 4875 clarescit
1131 4818 1163 4875 et
1186 4812 1362 4897 repentinis
1387 4834 1451 4875 nou
1475 4813 1557 4876 solet
1580 4811 1810 4876 miraculorum
1833 4811 1988 4875 relatibus
2007 4833 2159 4897 quorum·

337 4921 411 4983 dnm
435 4919 542 5006 specie
567 4918 724 5000 exultare,
742 4938 780 4981 eo
805 4917 888 5003 quod
914 4938 1007 4981 onrne
1033 4916 1165 4981 rutilum
1189 4938 1305 4981 nomen
1327 4917 1398 4980 auri
1415 4939 1477 4982 non
1495 4918 1656 5003 impetrat,
1674 4939 1732 4981 nec
1750 4917 1830 4980 ebur
1846 4915 2012 5001 quodlibet
2029 4917 2159 4980 niveum

338 5027 524 5090 irnmitatur.
550 5025 637 5108 Nos,
661 5024 747 5111 quod
770 5024 973 5111 providentia
997 5024 1189 5110 preambula
1213 5025 1305 5088 dccet
1328 5024 1461 5110 festinos
1486 5025 1616 5089 incertis
1640 5031 1672 5089 et
1695 5032 1799 5089 certos
1823 5024 1855 5087 in
1880 5023 1987 5107 dubijs
2011 5023 2158 5107 inveniri,

337 5133 523 5198 discretioni
547 5139 671 5214 vestre,
696 5131 735 5196 de
761 5152 824 5217 qua
847 5131 978 5218 plenam
1002 5131 1035 5194 in
1057 5130 1198 5195 Domino
1221 5131 1371 5196 fiduciam
1396 5132 1595 5214 obtinemus,
1623 5131 1815 5196 mandamus
1839 5137 1997 5216 quatenus
2026 5131 2159 5216 provide

337 5242 551 5324 attendentes,
568 5240 654 5326 quod
676 5240 734 5303 lux
758 5261 836 5303 vcra
860 5247 1044 5302 sanctorum
1067 5237 1225 5303 Dominus
1250 5239 1346 5304 Jasus
1371 5239 1518 5304 Christus
1534 5241 1634 5325 signis
1651 5239 1789 5326 publicis
1806 5247 1838 5303 et
1854 5239 2012 5325 prodigijs
2029 5238 2159 5302 eviden-

337 5349 423 5413 tibus
447 5347 644 5434 trepidantia
667 5346 899 5432 discipulorum
923 5352 1054 5430 pectora
1078 5345 1253 5428 roboravit,
1278 5353 1401 5410 mentes
1425 5368 1536 5411 eorum
1560 5346 1688 5410 nubilas
1712 5347 1751 5410 dc
1783 5346 2026 5410 resurrectionis
2057 5346 2159 5409 admi·

337 5456 439 5520 randa
463 5455 568 5540 gloria
592 5475 744 5539 expressa
768 5452 969 5516 certitudinis
993 5453 1173 5517 clarificans
1190 5452 1395 5536 fulcimentis,
1414 5454 1511 5518 vitam
1529 5461 1562 5517 et
1577 5454 1855 5518 conversationem
1871 5452 2007 5539 predicti
2023 5453 2158 5536 Fratris,

339 5564 453 5649 quibus
477 5562 549 5627 Deo
574 5570 605 5626 et
628 5560 812 5625 hominibus
837 5561 979 5624 noscitur
1002 5559 1173 5646 placuisse,
1192 5582 1250 5624 neo
1276 5583 1338 5624 non
1363 5562 1520 5625 miracula
1544 5583 1616 5646 que,
1634 5567 1764 5624 auctore
1782 5561 1862 5642 Deo,
1880 5560 1919 5624 de
1943 5560 1992 5624 sui
2016 5561 2159 5645 corporis

338 5670 509 5734 sanctitate
533 5669 721 5756 procedunt,
746 5667 857 5731 habita
881 5689 938 5753 pre
963 5667 1063 5732 oculis
1087 5666 1156 5730 sola
1181 5667 1288 5732 divine
1312 5669 1494 5733 reverentia
1521 5668 1713 5752 majestatis,
1733 5689 1791 5754 per
1815 5675 1912 5732 testes
1937 5667 2069 5732 idoneos
2093 5675 2159 5730 stu·

338 5778 439 5842 dentis
463 5777 623 5863 inquirere
648 5783 743 5840 cauta
767 5775 935 5859 diligentia
958 5782 990 5839 ct
1014 5774 1228 5839 sollicitudine
1252 5776 1419 5860 vigilanti;
1437 5798 1498 5862 que
1523 5777 1555 5839 in
1580 5776 1706 5864 scriptis
1730 5775 1862 5840 redacta
1886 5776 1945 5839 sub
1970 5774 2085 5859 sigillis
2103 5795 2158 5838 ve·

338 5885 422 5966 stris,
446 5884 585 5948 fideliter
608 5883 815 5964 conservetis,
840 5882 896 5945 illa
919 5882 1022 5964 nobis,
1047 5889 1218 5967 postquam
1242 5882 1429 5947 mandatum
1454 5883 1666 5970 apostolicum
1690 5883 1886 5969 receperitis,
1911 5903 1969 5968 per
1991 5881 2103 5945 fideles
2127 5889 2159 5945 et

338 5993 497 6056 solemnes
521 5991 649 6054 nuntios
673 5989 902 6054 transmissuri.
927 5989 1072 6063 Quodsi
1096 6011 1159 6054 non
1184 6011 1294 6054 omnes
1318 5997 1378 6054 etc.

427 6099 549 6163 Datum
572 6097 728 6161 Laterani
751 6097 846 6160 tertio
871 6097 943 6159 idus
964 6095 1048 6180 julii,
1073 6097 1279 6182 pontificatus
1303 6099 1405 6161 nostri
1429 6118 1513 6162 anno
1538 6098 1685 6184 septima.

419 6365 458 6429 (1)
479 6362 510 6414 In
530 6362 667 6431 margine:
688 6379 703 6412 ‹
724 6363 829 6427 erestr'o
847 6377 896 6428 que
915 6363 1064 6413 certabatur
1083 6364 1154 6414 inter·
1172 6365 1321 6430 episcopum
1340 6370 1363 6415 et
1381 6364 1529 6430 capitulum
1550 6363 1708 6416 bononiense
1730 6379 1811 6430 super
1829 6363 1950 6414 electr'oua
1973 6362 2161 6428 or·rlrr'dr'aeoaj

339 6460 361 6505 et
382 6455 414 6504 de
434 6454 509 6505 ruodo
527 6452 635 6504 sublata
654 6451 832 6506 eorrtroaerar'a
851 6451 934 6503 alteri
946 6468 1022 6519 papa
1041 6453 1152 6503 contulit
1171 6471 1194 6504 r.

419 6544 457 6607 (2)
477 6541 518 6591 Ex
537 6557 593 6609 reg.
608 6539 657 6591 IV.
678 6539 801 6608 Gregorii
823 6539 887 6605 IX,
908 6556 951 6609 ep.
971 6543 1031 6605 240,
1051 6539 1099 6592 fol.
1120 6543 1163 6604 69,
1183 6540 1407 6606 ncexxxnn,
1428 6541 1506 6592 XIII.
1525 6541 1593 6593 iulii.
