5484 7746
649 627 880 678 senoensem
900 627 951 678 nn
972 625 1137 678 onnssan
1156 623 1522 676 nnonrnrnocrvonun
1542 623 1644 674 soon.
1664 622 1802 673 eonon.
2056 601 2131 671 249

318 791 449 848 sanctae
473 784 658 849 ravennatis
679 783 885 865 Accclcsiae,
909 789 942 846 et
965 782 1168 848 bolonienses
1192 781 1272 846 nihil
1294 789 1427 866 propter
1446 802 1480 845 se
1503 779 1637 844 rationis
1661 778 1818 844 haberent
1842 778 1996 842 adversus
2019 798 2135 841 raven·

319 897 427 955 uatem
442 890 654 971 Aecclesiam,
671 889 732 954 nisi
749 889 835 975 quod
851 910 978 975 semper
1000 889 1155 954 deberent
1173 887 1339 971 hobedire‚
1357 909 1430 952 cnm
1454 887 1603 974 episcopo
1625 907 1693 968 suo,
1711 885 1794 950 sicut
1817 885 1912 949 matri
1935 905 1992 949 sue
2014 883 2135 948 Metro·

318 998 482 1084 politanae
502 997 700 1080 Aecclesiae,
725 996 838 1060 sedata
862 1003 910 1060 est
926 996 1087 1060 contentio
1112 1002 1190 1078 tota,
1215 1001 1247 1060 et
1271 995 1326 1077 ita,
1347 994 1456 1058 divina
1480 1000 1673 1080 cooperante
1697 993 1813 1078 gratia,
1830 991 1975 1078 prefatus
1997 990 2135 1055 Enricus

317 1105 449 1170 Electus
477 1104 673 1170 boloniensis
701 1110 906 1168 consecratus
934 1109 983 1167 est
1009 1103 1043 1166 in
1066 1103 1252 1188 episcopum
1275 1101 1335 1165 sub
1366 1107 1578 1188 perpetuast
1601 1099 1784 1166 omnimoda
1808 1099 2014 1164 hobedientia
2037 1103 2135 1184 atque

319 1212 517 1277 subiectione
541 1212 727 1276 ravennatis
750 1211 949 1276 Aecclesiae.

408 1320 480 1405 Ego
504 1340 582 1384 vero
606 1318 780 1383 Heinricus
803 1317 987 1381 faventinus
1004 1317 1158 1399 notarius,
1176 1315 1252 1380 dum
1275 1317 1309 1379 in
1331 1316 1382 1380 his
1402 1316 1550 1380 omnibus
1572 1315 1770 1397 interessem,
1787 1315 1870 1379 sicut
1892 1313 1959 1377 vidi
1979 1312 2136 1378 obaudivi

318 1426 427 1511 sicque
451 1426 621 1512 complevi,
646 1433 678 1490 et
702 1425 833 1512 propria
856 1445 955 1488 manu
978 1423 1019 1488 ad
1043 1430 1233 1508 perpetuam
1257 1423 1409 1488 noticiam
1433 1423 1556 1508 scripsi.

406 1639 456 1722 [A
479 1636 597 1723 tergm]
619 1641 671 1712 (ἵ
684 1637 946 1703 Consecreciouis
968 1635 1123 1723 Episcopi
1145 1636 1361 1701 bononiensis.

1194 1937 1257 2002 Ill.

1107 2152 1203 2236 1133,
1228 2153 1249 2216 7
1272 2155 1357 2216 circii.

625 2369 678 2432 Ex
702 2367 833 2432 archivo
858 2367 960 2431 sancti
983 2367 1120 2432 loannis
1144 2369 1177 2431 in
1200 2367 1328 2450 Monta,
1352 2388 1436 2431 nunc
1460 2367 1492 2430 in
1517 2368 1598 2431 Tab.
1622 2367 1711 2432 Max.
1735 2368 1827 2450 bon,

1119 2478 1125 2490 ,
1385 2457 1397 2484 0

850 2482 926 2539 sect.
949 2500 963 2530 «
989 2475 1173 2540 Denrcnrolc
1198 2501 1228 2558 »,
1252 2496 1340 2538 num.
1365 2481 1434 2570 ἰδ’-μὲ,
1459 2475 1528 2540 doc.
1554 2477 1606 2539 31.

405 2684 448 2780 >Q
473 2708 511 2772 ln
529 2709 656 2772 nomine
674 2715 783 2773 sancte
800 2715 832 2773 ct
848 2707 1037 2792 individ[u]e
1056 2708 1234 2791 Trinitatis,
1250 2707 1412 2772 Ilcnricus
1427 2708 1491 2772 Dei
1507 2707 1613 2793 gratia
1630 2715 1739 2771 sancte
1763 2707 1969 2772 bononiensis
1992 2706 2137 2772 Ecclesia

318 2817 497 2901 opiscopus,
514 2816 591 2880 licet
613 2816 776 2901 indignus,
801 2837 913 2880 servus
937 2836 1103 2880 servorum
1126 2816 1199 2898 Dei,
1217 2816 1342 2880 dilectis
1366 2816 1522 2880 fratribus
1544 2815 1677 2880 Alberio
1694 2814 1854 2900 priori(¹l,
1871 2821 1902 2878 et
1926 2814 2080 2879 fratribus
2104 2816 2137 2878 in

319 2924 454 2988 ecclesia
478 2925 583 2988 sancti
605 2924 757 3007 Victoris,
774 2947 836 3010 que
857 2925 953 3009 juxte
976 2923 1158 2988 Bononiam
1181 2923 1242 2988 sita
1267 2933 1325 3006 est,
1342 2924 1450 2988 divino
1475 2923 1607 2988 servitio
1631 2924 1823 3008 mancipatis
1839 2931 1906 2986 tam
1922 2924 2135 3008 presentibus,

319 3053 416 3116 quarn
439 3031 555 3094 futuris
580 3031 612 3094 in
637 3040 838 3118 perpetuum.
863 3031 1111 3096 aecclesiastice
1135 3031 1359 3095 sollicitudinis
1383 3031 1486 3116 pietas
1510 3052 1568 3094 nos
1590 3031 1713 3115 jugiter
1736 3038 1897 3094 ammonet
1919 3035 1954 3094 ut
1969 3031 2137 3115 religiosas

318 3159 472 3224 personas
497 3146 593 3224 atquo
616 3139 807 3224 religionem
831 3139 901 3203 Deo
927 3139 1080 3225 placitam
1104 3138 1289 3202 studeamus
1313 3139 1416 3202 modis
1440 3139 1587 3202 omnibus
1609 3138 1758 3223 augendo
1774 3137 1909 3222 diligere
1926 3145 1958 3201 e't
1974 3138 2137 3223 diligendo

318 3267 510 3331 propagare.
535 3246 720 3332 Numquam
744 3247 829 3311 enirn
854 3247 1043 3332 obsequium
1066 3246 1137 3310 Deo
1162 3253 1291 3330 gratum
1314 3245 1519 3332 impenditur,
1537 3245 1599 3309 nisi
1621 3266 1663 3308 ex
1686 3245 1793 3308 radice
1818 3244 1960 3308 caritatis
1984 3244 2138 3330 procedat

318 3361 350 3417 et
374 3374 393 3416 a
417 3353 582 3439 religionis
606 3354 746 3440 puritate
771 3353 911 3439 undique
936 3354 1144 3418 custodiatur.
1168 3353 1319 3434 Proinde,
1344 3352 1453 3417 dilecti
1476 3353 1508 3415 in
1533 3352 1672 3416 Domino
1696 3353 1764 3434 filii,
1789 3353 1904 3416 vestris
1930 3351 2136 3437 petitionibus

318 3462 492 3524 clementor
511 3469 701 3545 annuentes,
719 3462 889 3526 ecclesiam
912 3462 1016 3526 sancti
1040 3461 1180 3526 Victoris
1205 3469 1237 3524 et
1259 3461 1428 3525 ecclesiam
1453 3461 1555 3524 sancti
1572 3460 1594 3525 J
1596 3460 1731 3524 ohannis
1748 3460 1967 3544 evangelistae
1984 3460 2088 3545 posita
2097 3460 2137 3524 (2)

319 3569 351 3631 in
368 3575 475 3632 monte
493 3568 625 3653 Olivetj,
642 3570 676 3632 in
693 3570 809 3654 quibus
826 3569 935 3632 divino
952 3570 1075 3634 vacatis
1092 3568 1253 3651 officicfssl,
1272 3575 1402 3632 sanctae
1420 3569 1624 3633 bononiensis
1641 3568 1806 3632 Ecclesiae
1832 3568 1942 3632 matris
1958 3575 2064 3631 vestre
2081 3589 2137 3632 no·

318 3659 383 3739 stro
408 3676 579 3761 privilegio
603 3676 803 3740 decrevimus
827 3676 1027 3741 muniendas.
1045 3676 1091 3740 Ut
1115 3677 1214 3761 igitur
1236 3677 1378 3741 locorum
1404 3683 1584 3740 vestrorum
1607 3675 1697 3760 quies
1721 3697 1780 3761 per
1802 3675 1865 3739 Dei
1887 3676 2026 3760 gratiam
2049 3683 2138 3739 tran-

318 3784 419 3868 quilla
447 3790 480 3847 et
511 3791 580 3848 tnta
612 3784 762 3870 persistat
792 3784 824 3847 in
849 3785 915 3848 suis
945 3785 1041 3848 rebus
1066 3791 1133 3848 tarn
1157 3785 1328 3848 mobilibus
1353 3805 1449 3870 quam
1473 3783 1689 3848 immobilibus
1707 3785 1794 3868 juste
1818 3785 1879 3848 sibi
1902 3784 2137 3869 pertinentibus

318 3891 350 3953 in
374 3891 522 3954 omnibns
546 3897 579 3955 ct
601 3913 658 3978 per
682 3893 789 3956 omnia
813 3893 877 3956 sint
899 3892 1000 3956 libore
1028 3892 1070 3956 ab
1101 3893 1188 3955 ornni
1219 3891 1406 3956 condicione
1438 3898 1534 3977 atque
1569 3891 1700 3955 servitio
1731 3912 1787 3954 seu
1822 3892 1942 3956 tributo
1973 3899 2039 3954 tam
2070 3912 2137 3955 mo·

317 3999 494 4061 nachorum
517 4004 550 4062 et
573 3999 762 4063 clericorum
786 4020 883 4084 qnam
907 3998 1079 4080 laicorum,
1103 3998 1155 4063 vel
1179 3999 1316 4082 alicujus
1340 4005 1407 4062 tam
1429 4020 1529 4083 parve
1558 4019 1654 4083 quarn
1679 4019 1795 4083 magne
1818 4019 1954 4084 persone
1977 3997 2057 4081 [sive
2082 3998 2137 4063 do·
2224 4036 2228 4051 ·

318 4105 439 4188 rniui]o,
456 4112 565 4191 pretor
584 4106 767 4192 episcopale
788 4107 852 4190 jus.
877 4105 1015 4191 Insuper
1038 4106 1140 4188 vobis,
1156 4106 1336 4191 vestrisque
1359 4105 1597 4170 successoribus
1621 4107 1851 4192 perpetualiter
1875 4107 2078 4170 concedimus
2101 4113 2138 4170 ut

316 4213 376 4276 hoc
401 4212 485 4298 quod
509 4213 604 4277 modo
628 4213 755 4297 adjus,
781 4214 848 4276 sive
880 4212 919 4276 de
946 4214 1019 4297 jure
1043 4221 1172 4276 nostrae
1197 4220 1328 4277 sanctae
1352 4213 1559 4277 bononiensis
1582 4213 1748 4278 Ecclesiae
1773 4214 1899 4279 habetis
1923 4223 1954 4277 et
1979 4213 2139 4296 detinctis,

316 4342 372 4383 scu
397 4321 430 4383 in
453 4320 562 4383 futuro
584 4320 672 4404 juste
696 4320 888 4404 adquisitnri
912 4321 999 4402 estis,
1017 4320 1084 4384 sive
1108 4341 1128 4383 a
1152 4321 1405 4406 quibuscumque
1423 4321 1496 4384 aliis
1516 4321 1813 4408 quomodocumque
1830 4322 1921 4386 vobis
1946 4328 2002 4385 out
2025 4321 2141 4384 vestris

316 4427 553 4491 successoribus
577 4426 699 4512 aliquid
720 4427 807 4511 juste
832 4427 1009 4509 obvenerit,
1027 4448 1084 4490 seu
1109 4448 1170 4512 que
1194 4427 1235 4490 nb
1259 4427 1330 4491 aliis
1355 4427 1498 4492 ecclesiis
1523 4428 1575 4492 vel
1599 4429 1745 4513 personis
1769 4435 1835 4492 tarn
1859 4429 2088 4493 monachorum
2109 4435 2142 4492 et

316 4535 515 4616 clericorum,
533 4555 631 4620 quam
654 4534 811 4598 laicorum
833 4534 960 4598 habetis
986 4556 1023 4599 ac
1047 4534 1210 4618 detinetis,
1227 4541 1259 4598 et
1283 4535 1315 4598 in
1339 4541 1437 4598 antea
1457 4537 1545 4618 juste
1569 4535 1785 4622 adquisieritis
1807 4537 1840 4600 in
1863 4536 1995 4600 decimis
2019 4536 2142 4600 scilicet

317 4643 348 4704 in
372 4642 531 4727 primitiis,
556 4641 587 4705 in
612 4642 684 4705 aliis
709 4642 963 4728 quibuscumque
987 4641 1130 4705 fidelium
1155 4641 1372 4706 oblationibus
1396 4649 1462 4705 tam
1487 4643 1633 4706 vivorum
1657 4664 1753 4729 quam
1778 4643 2012 4726 defunctorum,
2038 4652 2142 4707 terras

317 4770 454 4834 quoque,
479 4750 591 4814 vineas
615 4755 647 4813 ct
671 4749 800 4832 oliveta,
823 4749 933 4832 silvas,
950 4771 1023 4814 cum
1047 4749 1149 4835 pratis
1173 4756 1206 4813 et
1228 4751 1367 4836 pascuis,
1383 4750 1587 4836 piscationes,
1605 4750 1750 4836 paludes,
1768 4772 1879 4836 oquae,
1897 4772 1968 4815 cum
1993 4751 2141 4816 omnibns

317 4856 426 4920 usibus
451 4877 572 4938 earum,
598 4855 728 4920 colonos
753 4863 785 4921 et
809 4856 992 4941 inquilinos,
1018 4856 1242 4921 domnicatum
1266 4863 1298 4921 et
1321 4857 1513 4940 ordinatum,
1538 4858 1676 4922 divisum
1700 4865 1733 4921 et
1755 4858 1938 4940 indivisum,
1963 4859 2085 4923 cultum
2109 4865 2142 4923 et

317 4964 489 5046 incultum,
515 4964 623 5028 omnia
646 4970 679 5027 et
702 4985 744 5027 ex
768 4964 916 5028 omnibns
941 4985 1013 5028 cum
1037 4964 1196 5028 universis
1219 4964 1331 5028 usibus
1354 4965 1442 5047 suis,
1467 4972 1532 5029 tam
1557 4965 1726 5030 fructifera
1750 4987 1846 5050 qnam
1870 4965 2082 5049 infructifera,
2107 4967 2140 5030 in

316 5071 476 5134 montanis
501 5071 639 5156 denique
663 5079 695 5135 et
719 5071 752 5134 in
779 5069 885 5157 planis
918 5077 951 5134 et
978 5070 1170 5156 ubicumque
1200 5070 1295 5135 modo
1326 5071 1493 5155 detinctis,
1518 5071 1571 5136 vel
1595 5093 1796 5158 quocumque
1818 5074 1891 5157 jure
1916 5072 2060 5156 habetis,
2086 5080 2143 5137 aut

318 5179 349 5240 in
372 5177 481 5242 futuro
504 5177 666 5242 habebitis
689 5179 740 5242 vel
765 5177 983 5262 adquisieritis
1008 5199 1080 5242 cum
1104 5178 1223 5264 scripto
1247 5179 1314 5243 sive
1339 5178 1407 5243 sine
1432 5179 1560 5265 scripto.
1581 5179 1653 5243 Hec
1678 5186 1786 5244 antem
1805 5179 1923 5261 omnia,
1941 5181 2024 5244 sicut
2047 5201 2142 5267 supe·

317 5285 383 5348 rins
414 5285 543 5369 legitur,
569 5284 659 5349 vobis
692 5285 872 5370 vestrisque
900 5285 1138 5349 successoribus
1169 5285 1202 5348 in
1234 5285 1339 5350 eidem
1362 5285 1538 5350 Accolesiis
1566 5287 1788 5370 manentibus,
1813 5308 1871 5372 per
1893 5287 1991 5370 hujus
2018 5287 2140 5372 decretj

317 5392 471 5478 paginam
494 5391 625 5474 damus,
651 5392 855 5456 concedimus
887 5399 984 5477 atque
1007 5392 1174 5476 largimur,
1199 5399 1232 5457 et
1255 5393 1296 5457 ab
1328 5393 1415 5457 omni
1438 5392 1567 5458 vinculo
1598 5394 1665 5458 sive
1697 5393 1855 5477 dominio,
1879 5402 1988 5480 preter
2019 5396 2142 5481 cpisco-

318 5500 390 5584 pale
412 5500 476 5583 jus,
493 5499 596 5563 libera
613 5505 644 5563 et
661 5499 810 5563 absoluta
835 5499 876 5562 ab
900 5499 987 5564 omni
1011 5499 1250 5564 contradicente
1273 5501 1403 5564 homine
1427 5521 1497 5564 esse
1521 5501 1716 5587 precipimus
1740 5507 1772 5565 et
1794 5502 1827 5565 in
1850 5509 2042 5588 perpetuum
2067 5525 2141 5567 con·

317 5606 459 5670 ccdimus
483 5613 579 5691 atque
603 5606 778 5670 firmamus.
802 5605 899 5669 Vitae
924 5626 1051 5691 quoqne
1076 5606 1229 5671 canonice
1243 5606 1281 5670 (t)
1302 5606 1465 5690 ordinem,
1491 5628 1585 5693 quem
1613 5606 1751 5694 professi
1774 5608 1868 5691 estis,
1893 5609 2051 5694 presentis
2075 5610 2141 5694 pri·

317 5712 427 5797 vilegii
451 5713 642 5777 auctoritate
667 5712 873 5795 roboramus,
898 5712 1079 5777 sancientes
1107 5720 1143 5776 ut
1174 5713 1293 5777 nemini
1325 5715 1408 5778 inter
1438 5736 1495 5778 voe
1526 5714 1726 5800 professione
1758 5716 1904 5780 exhibita
1935 5715 2072 5780 liberum
2100 5716 2142 5780 sit

399 6034 437 6098 (1)
457 6032 563 6084 Alberii
588 6033 686 6100 prioris
711 6032 840 6103 frequens
865 6032 966 6084 mentio
992 6035 1034 6084 est
1059 6033 1086 6083 in
1111 6032 1211 6084 tabulis
1236 6033 1339 6084 archivi
1366 6035 1453 6086 sancti
1479 6035 1589 6086 Ioannis
1613 6036 1641 6086 in
1665 6035 1766 6088 Monte.
1793 6035 1858 6086 Eius
1886 6035 1976 6087 obitus
2001 6035 2029 6086 in
2055 6037 2141 6087 veteri

321 6121 474 6188 Necrolcpio
495 6121 692 6173 Cononicorum
712 6123 800 6173 surrcti
819 6121 933 6172 Ionuru's
951 6122 980 6172 ia
1000 6121 1089 6173 Monte
1108 6122 1150 6174 his
1168 6123 1259 6174 verbis
1277 6128 1387 6175 notatus
1407 6130 1462 6176 est:
1482 6143 1495 6174 e
1523 6124 1584 6176 VII.
1599 6126 1661 6176 idue
1673 6127 1769 6175 strumii
1781 6125 1844 6176 obiit
1861 6125 1987 6176 ‹lorrrirrns
2005 6125 2142 6189 Alberius,

321 6213 432 6276 rupinus
451 6213 595 6278 episcopus,
614 6213 661 6278 qui
678 6211 732 6276 fnit
751 6211 834 6262 Prior
852 6216 941 6262 iroster
959 6209 1160 6263 MCCLXII.»

401 6302 439 6365 (2)
459 6301 511 6352 Sic.

399 6392 437 6454 (³)
457 6389 571 6458 Legitur
589 6406 604 6439 s
625 6388 717 6454 offusio
737 6404 762 6440 n.

399 6484 438 6547 (4)
458 6481 572 6550 Legitur
593 6497 608 6530 e
628 6482 749 6532 cononice
768 6499 792 6532 ›.

437 6747 505 6783 Tun.
526 6747 557 6783 Il.
