5544 7750
1311 629 1524 682 SGHOLABMS
1552 629 1756 682 ILLUS'I'RMB

961 893 1157 958 MOOXOII.

618 1107 706 1192 Mag.
731 1107 838 1172 Adam
861 1107 982 1171 domini
1007 1107 1187 1189 Guallredi,
1205 1107 1339 1172 clericus
1359 1107 1501 1194 episcopi

725 1215 953 1278 dunelmensis.

618 1322 706 1406 Mag.
730 1322 922 1408 Aymcricus
948 1320 1120 1406 Sanglerii,
1142 1321 1387 1386 archidiaconus
1409 1322 1501 1406 bajo·

723 1449 837 1492 censis.

617 1535 705 1622 Mag.
730 1535 885 1600 Albsrtus
909 1535 1032 1600 domini
1054 1535 1222 1601 Bonacose
1246 1535 1286 1600 de
1309 1535 1472 1601 Matelica.

616 1643 658 1708 D.
683 1644 837 1708 Albanius
859 1641 1033 1730 papiensis.

617 1749 658 1815 D.
682 1751 838 1816 Allonsus
862 1749 1005 1825 Martini,
1031 1749 1275 1814 archidiaconus
1299 1749 1471 1814 alanensis.

616 1858 659 1923 D.
683 1857 875 1922 Ambrosius
898 1858 937 1922 ds
961 1857 1155 1922 Mediolano.

616 1965 704 2050 Mag.
731 1965 877 2029 Andreas
901 1964 1028 2029 Oalvsti
1051 1963 1091 2028 de
1115 1963 1302 2029 Ebroduno.

615 2072 657 2137 D.
682 2073 842 2154 Andreas,
866 2079 979 2136 cantor
1001 2071 1202 2135 varidiensis.

616 2179 657 2244 D.
682 2179 830 2244 Andreas
855 2179 894 2242 de
919 2178 1058 2260 Nisella,
1083 2177 1255 2242 leodiensis
1278 2177 1425 2242 diocesis.

615 2285 657 2350 D.
682 2285 829 2372 Angelus
852 2285 891 2348 de
915 2284 1061 2348 Mussllis
1085 2284 1124 2348 de
1148 2284 1263 2348 Roma.

615 2393 657 2458 D.
682 2392 856 2457 Ansolmus
880 2392 920 2456 de
944 2391 1088 2455 11001010.

615 2499 657 2566 D.
681 2499 856 2564 Anselmus
880 2498 919 2562 de
945 2497 1104 2580 Dur[i]cia
1129 2497 1168 2562 de
1190 2497 1357 2562 Luoduno.

615 2607 702 2692 Mag.
728 2607 889 2672 Antonius
913 2607 998 2670 filius
1022 2605 1065 2669 M.
1090 2605 1226 2670 Matthei
1251 2606 1290 2668 ds
1314 2603 1438 2668 Padua.

614 2715 656 2780 D.
681 2714 845 2779 Arnaldus
870 2713 909 2777 de
933 2713 1094 2798 Pergamo
1118 2712 1204 2776 lilius
1235 2711 1356 2776 domini
1384 2711 1499 2776 Fucini

722 2821 761 2885 ds
786 2821 944 2885 Bonfatis.

614 2929 656 2994 D.
681 2929 865 3009 Assensius,
890 2927 1062 2992 eanonicus
1087 2926 1283 3012 pitaviensis.

615 3034 656 3099 D.
680 3034 763 3099 Aeto
788 3033 827 3097 ds
852 3035 989 3098 Terane.

614 3141 656 3208 D.
680 3142 862 3206 Baldcedus
886 3142 1003 3222 Biston,
1028 3148 1144 3204 scotus.

615 3249 702 3335 Mag.
726 3250 891 3313 Beltrnme
916 3249 1078 3334 quondam
1103 3248 1231 3332 Morigi.

614 3357 655 3422 D.
679 3357 868 3420 Bertramus
893 3356 1115 3442 Christophori
1140 3356 1179 3418 dc
1203 3355 1382 3419 Avenione.

614 3465 655 3530 D.
679 3463 880 3528 Bertrandus
904 3463 1126 3548 Ermengoldi,
1153 3463 1399 3527 catalaunensis.

613 3573 655 3638 D.
668 3573 786 3636 Bertus
803 3571 842 3634 de
857 3571 1085 3654 Castroveteri,
1099 3571 1272 3635 cononicus
1289 3567 1499 3632 navariensis.

613 3681 655 3746 D.
679 3679 875 3743 Benedictus
899 3679 939 3741 de
964 3678 1156 3759 Sanervilla,
1174 3678 1262 3764 prior
1285 3676 1324 3740 ds
1348 3676 1498 3740 Lintona.

613 3789 655 3854 D.
679 3786 867 3852 Bonilacius
903 3787 942 3850 do
979 3786 1210 3868 Cochanacho,
1244 3806 1343 3871 nepos
1378 3783 1500 3848 domini

718 3896 835 3960 Uberti
867 3895 906 3960 de
939 3896 1096 3960 Catenato
1108 3890 1163 3976 ill,
1190 3893 1363 3958 cardinalis
1397 3892 1501 3956 sancti

720 4002 898 4068 Eustachii.

612 4112 654 4177 D.
679 4110 878 4192 Bonilacius,
895 4111 1078 4196 prepositus
1096 4109 1268 4194 opoliensis
1293 4109 1326 4172 10
1351 4107 1499 4172 Ρο10010.

612 4219 654 4284 D.
679 4219 802 4282 Busino
826 4217 1014 4281 Jacobuccii
1038 4218 1076 4280 de
1101 4217 1274 4280 Fabriano.

611 4326 653 4391 D.
683 4325 787 4390 Diuus
823 4324 943 4388 domini
979 4323 1094 4388 Jacobi
1130 4324 1168 4386 de
1203 4323 1363 4404 Musello,
1388 4322 1500 4386 doctor

722 4433 841 4516 legum.
1253 4505 1261 4522 .

611 4540 653 4605 Ι).
676 4539 813 4625 Egidins
830 4538 1001 4618 Dominiei,
1020 4538 1263 4602 archidiaconus
1281 4537 1498 4623 ripasolensis.

611 4647 653 4714 D.
678 4647 871 4711 Franciscus
896 4645 1032 4725 Vascus,
1058 4645 1230 4708 canonicus
1254 4644 1400 4708 astensis.

607 4755 648 4820 D.
673 4753 865 4819 Frenandus
890 4751 1028 4816 Allonsi.

611 4863 652 4928 D.
678 4861 839 4946 Georgius
862 4860 902 4924 de
929 4859 1076 4940 Sollerio,
1099 4857 1273 4922 canonicus
1297 4857 1481 4943 yponensis.

611 4975 650 5040 D.
678 4971 899 5037 (1000010010
917 4970 1118 5050 Oornazano,
1137 4967 1275 5032 vicarius
1295 4965 1417 5030 domini
1432 4965 1499 5051 epi·

719 5080 810 5165 scopi
832 5076 1049 5142 bononiensis.

612 5189 652 5252 D.
678 5187 843 5252 (iscardus
868 5185 907 5248 de
932 5184 1071 5249 luliaco.

611 5295 652 5359 D.
671 5293 836 5360 (10000100
853 5293 892 5356 10
911 5292 1031 5355 Sancta
1045 5290 1158 5369 Ornos,
1172 5289 1256 5351 filius
1269 5286 1391 5351 domini
1407 5284 1498 5350 Guil-

720 5401 807 5464 lelmi
830 5401 869 5463 de
894 5399 1027 5478 Figiaco
1053 5396 1260 5460 caturcensis.

611 5510 652 5575 D.
678 5509 843 5574 (10000100
869 5507 908 5570 (10
932 5505 1158 5570 Montecncoli.

610 5615 652 5684 D.
678 5616 855 5681 Gervasius
880 5615 919 5678 (10
944 5613 1123 5676 Maurenia.

610 5724 652 5789 D.
678 5723 784 5787 Gezus
811 5722 904 5786 Gucii
929 5721 968 5783 dc
992 5720 1147 5805 Mugollo.

611 5830 653 5897 D.
679 5831 785 5896 (10110
809 5830 894 5893 lilius
920 5825 1496 5913 (00310101Βο1·000(11(10(110100000.

610 5939 652 6003 D.
678 5937 872 6002 Guillelmus
896 5936 935 6000 de
960 5936 1137 6017 Petralata,
1156 5935 1358 5998 decretorum
1374 5930 1496 6013 doctor,

719 6045 897 6109 monachus
922 6043 961 6107 de
985 6043 1161 6126 Lejavanc.

610 6154 651 6218 D.
677 6153 871 6218 (1011101000
896 6152 935 6215 10
959 6150 1144 6232 Villanova,
1162 6148 1335 6212 eanonicus
1359 6144 1496 6208 barcilo-

718 6282 836 6325 nensis.

672 6493 712 6558 (1)
733 6491 785 6542 00.

1565 784 1606 850 D.
1621 784 1814 850 Guillslmus
1831 785 1870 850 ds
1883 787 2020 870 anxia,
2033 787 2207 852 canonicus
2223 788 2448 856 cabilonensis.

1564 891 1606 957 D.
1632 891 1825 958 (1011101ιο00
1842 893 1881 958 10
1899 893 2073 977 Cornubia,
2090 895 2293 960 decretorum
2308 895 2429 963 doctor.

1564 998 1606 1063 D.
1632 998 1825 1064 Guillelmus
1849 999 1888 1064 10
1911 999 2062 1065 Vinctou.

1564 1103 1605 1172 D.
1631 1106 1825 1171 Guillelmus
1848 1107 1888 1172 de
1912 1107 2155 1192 Erghinburgb.

1564 1213 1607 1278 D.
1633 1212 1826 1278 (1011101000
1850 1215 1890 1278 10
1914 1214 1998 1300 Bloy
2021 1214 2061 1278 de
2085 1214 2258 1280 Coruubia.

1565 1319 1607 1385 D.
1633 1319 1825 1385 Guillelmus
1850 1321 2012 1408 quondam
2035 1321 2157 1386 domini
2176 1321 2311 1386 Henrici
2327 1322 2367 1386 da
2383 1323 2448 1388 Im-

1673 1427 1744 1492 bria
1767 1428 1806 1493 do
1829 1429 1983 1494 Novaria.

1565 1533 1607 1599 D.
1621 1534 1822 1600 Guiroardus
1839 1536 2023 1618 Guiroardi,
2041 1537 2214 1600 canonicus
2230 1537 2446 1602 bononiensis.

1564 1640 1606 1709 D.
1632 1643 1791 1708 Gurzolus
1816 1645 1937 1710 domini
1961 1645 2101 1710 Galvani
2125 1646 2165 1709 de
2190 1645 2432 1732 Stephanardis.

1565 1749 1606 1815 D.
1630 1750 1792 1816 1100οἰ000
1816 1752 1938 1817 domini
1961 1751 2077 1817 Jacobi
2099 1751 2180 1816 Lazi
2203 1753 2243 1816 de
2268 1753 2362 1818 Pisis.

1563 1857 1605 1924 D.
1641 1857 1803 1923 Henricus
1838 1859 2000 1944 quondam
2035 1859 2157 1922 domini
2190 1859 2373 1924 Hermanni
2406 1859 2447 1926 de

1670 1965 1803 2050 Mdeng.
1827 1965 1867 2030 de
1893 1966 2076 2030 Alamania.

1562 2071 1604 2136 D.
1629 2072 1729 2158 11030
1754 2072 1862 2156 Sayne
1886 2073 1925 2136 de
1950 2073 2099 2137 Turonis.

1563 2177 1604 2244 D.
1629 2178 1728 2264 Hugo
1753 2179 1876 2244 Tenen.
1901 2180 1984 2244 lilius
2008 2179 2129 2244 domini
2153 2179 2314 2263 lingonis.

1563 2285 1605 2351 D.
1629 2286 1728 2372 Hugo
1752 2286 1792 2350 de
1817 2286 2075 2369 Cambuchachm
2100 2286 2212 2350 doctor
2236 2285 2354 2370 legum.

1562 2392 1604 2457 D.
1628 2391 1770 2457 Jacobus
1794 2393 1925 2457 Martini
1945 2394 1984 2458 de
2001 2393 2184 2479 Hungaria,
2202 2393 2447 2458 archidiaconus

1670 2500 1915 2585 mingradensis.

1562 2607 1604 2672 D.
1629 2607 1783 2690 Jacobus,
1808 2608 2029 2672 thesaurarius
2053 2607 2295 2693 gallavatensis.

1564 2714 1605 2779 D.
1630 2713 1772 2778 Jacobus
1795 2715 1880 2778 filius
1904 2713 2025 2778 domini
2048 2713 2186 2778 Matthei
2208 2712 2295 2796 Ursi,
2317 2713 2447 2778 thesau-

1672 2821 1775 2884 rarius
1800 2821 2000 2885 salomensis.

1563 2927 1651 3013 Mag.
1675 2927 1842 2992 lohannes
1874 2927 1913 2990 de
1945 2927 2058 2992 Castro
2082 2927 2248 3012 Arquato,
2274 2927 2449 2992 canonicus

1671 3034 1895 3097 belluacensis.

1562 3141 1650 3226 Mag.
1667 3141 1833 3205 Johannes
1857 3141 1897 3204 ds
1920 3140 2036 3222 Basra,
2061 3142 2243 3226 prepositus
2267 3140 2333 3204 divi
2360 3139 2449 3204 Mar·

1670 3249 1730 3312 tini
1755 3249 1947 3312 turonensis.

1563 3355 1651 3442 Mag.
1676 3356 1843 3420 lohannes
1867 3354 1906 3418 de
1930 3355 2099 3419 Atrebate.

1564 3463 1652 3548 Mag.
1677 3463 1844 3528 10100000
1868 3463 2015 3548 magistri
2038 3461 2196 3548 Raguclis
2219 3462 2259 3526 ds
2283 3461 2438 3546 Agleriis.

1564 3569 1605 3634 D.
1630 3571 1797 3635 Johannes
1814 3569 1966 3655 Philippi,
1984 3569 2068 3633 filius
2085 3570 2230 3655 magistri
2247 3569 2390 3655 Philippi
2408 3568 2451 3634 ds

1669 3677 1854 3740 Ehrcduno.

1563 3783 1603 3848 D.
1617 3783 1639 3848 J
1641 3784 1784 3847 charmes
1801 3782 1961 3865 blanterii,
1975 3783 2147 3846 eanonicus
2164 3783 2451 3869 compostellanus.

1564 3889 1604 3956 D.
1629 3889 1796 3955 Johannes
1821 3890 1973 3975 Gaytani,
1997 3891 2171 3954 canonicus
2194 3890 2391 3976 parisiensis.

1563 3998 1604 4063 D.
1629 3999 1796 4064 lohannes
1820 3997 2005 4080 Michaelis,
2030 3999 2203 4062 canonicus
2229 3998 2450 4062 asturicensis.

1564 4105 1605 4170 D.
1630 4107 1797 4170 Johannes
1820 4105 1860 4168 de
1883 4105 2031 4168 Divions.

1564 4215 1604 4278 D.
1630 4215 1797 4279 Johannes
1821 4213 1860 4277 de
1884 4213 2058 4278 Pontitlea.

1563 4322 1604 4387 D.
1629 4321 1796 4386 Johannes
1820 4321 1859 4384 dc
1884 4321 2006 4402 Musca,
2032 4319 2222 4384 atrincensis
2245 4319 2392 4384 diocesis.

1562 4429 1603 4493 D.
1629 4429 1795 4492 Johannes
1820 4428 1964 4513 Philippi
1987 4427 2026 4492 de
2050 4427 2235 4490 Ebrednno.

1562 4535 1603 4600 D.
1628 4535 1793 4601 Johannes
1815 4535 1854 4598 10
1871 4533 2130 4620 (1003001031,
2147 4533 2231 4596 lilius
2248 4532 2368 4597 domini
2385 4531 2450 4597 Oo-

1670 4643 1751 4706 radi.

1561 4750 1603 4815 D.
1629 4749 1796 4814 Johannes
1821 4749 1861 4812 de
1884 4748 2056 4832 Magonaa.

1563 4859 1604 4922 D.
1628 4858 1649 4921 d
1653 4859 1807 4939 ohannes,
1822 4856 1965 4920 canonio.
1984 4855 2069 4919 tituli
2094 4877 2119 4919 s.
2129 4855 2274 4920 Marcelli
2291 4855 2330 4918 de
2346 4853 2451 4919 Urbe.

1563 4965 1604 5028 D.
1629 4965 1796 5029 Johannes
1829 4963 1970 5027 Saccutii
1993 4961 2059 5046 [de]
2087 4962 2283 5028 Bonaoursis
2313 4961 2353 5026 10
2385 4960 2452 5026 Fa-

1670 5072 1795 5135 briano.

1563 5180 1603 5244 D.
1629 5179 1796 5242 Johannes
1820 5177 1859 5240 de
1883 5177 2043 5259 Asellsra,
2066 5178 2239 5242 cononicus
2264 5176 2304 5240 de
2327 5176 2452 5240 Bosan.

1563 5287 1604 5351 D.
1629 5286 1796 5350 Johannes
1820 5286 1859 5348 ds
1883 5284 2016 5368 Anglia.

1562 5394 1603 5459 D.
1629 5394 1795 5458 Johannes
1815 5392 1854 5456 de
1872 5391 2027 5472 (1001000,
2046 5391 2221 5454 (00000100
2238 5391 2340 5454 sancti
2358 5389 2453 5454 Petri

1668 5500 1900 5564 lincolniensis.

1561 5609 1602 5672 D.
1627 5609 1819 5672 Lambertus
1843 5606 1965 5670 domini
1989 5605 2086 5670 Zanis
2110 5605 2149 5668 de
2173 5605 2326 5670 Peruxio.

1562 5716 1649 5800 1103.
1674 5714 1806 5778 Laudas
1830 5714 1868 5776 do
1893 5713 2036 5777 Oerstello
2061 5711 2176 5776 Casiri.

1561 5823 1648 5908 Mag.
1674 5821 1886 5907 Landulphns
1910 5821 1949 5883 ds
1974 5819 2143 5903 Columna,
2160 5820 2331 5884 canonicus
2353 5839 2451 5882 seno·

1670 5950 1788 5992 nensis.

1560 6036 1648 6118 Mag.
1673 6034 1868 6098 Laurentius
1892 6032 2059 6097 Johannes
2083 6032 2123 6096 do
2148 6031 2285 6096 Oi‘vitate
2309 6031 2416 6096 Nova.

1560 6144 1600 6208 D.
1629 6145 1755 6206 Marcus
1779 6141 1819 6204 ds
1842 6147 1955 6204 sancta
1979 6139 2138 6225 Eugenia,
2155 6139 2291 6204 sacrista
2307 6139 2453 6206 barcilo-

1669 6270 1787 6313 nensis.
