5484 7746
733 678 963 728 susurrum
985 679 1036 726 An
1056 677 1163 727 naor.
1185 676 1302 747 narn,
1323 675 1471 726 numm.
1493 674 1566 724 mr.
1587 673 1634 722 nr
1654 671 1788 722 annon.
2093 651 2170 720 245

352 835 405 899 vel
430 858 502 898 cum
528 834 674 916 relativo,
692 834 719 897 si
739 835 774 898 fit
797 833 944 914 latinum,
961 832 1013 894 vol
1030 831 1108 895 sino.
1134 830 1168 893 Si
1193 830 1228 892 iit
1250 829 1386 892 latinum
1412 849 1484 892 oum
1507 827 1652 909 relativo,
1670 827 1697 890 si
1713 825 1949 890 substantivum
1966 825 2051 889 itlius
2071 827 2171 912 parti·

351 943 429 1027 oipij
455 964 512 1028 pcr
538 941 622 1027 quod
647 941 743 1004 datur
766 941 886 1022 thoma,
904 939 1003 1002 habet
1025 945 1206 1024 respectum
1231 935 1269 998 ad
1296 935 1382 999 aliud
1405 935 1538 999 verbum
1559 956 1655 1019 quam
1672 933 1712 996 ad
1728 932 1943 1018 participium,
1959 932 2015 996 fiet
2034 933 2170 997 latinum

352 1048 547 1112 substantivi
572 1047 720 1133 ponendo
747 1047 918 1110 relativum
943 1065 1015 1107 cum
1039 1044 1094 1108 illo
1119 1043 1242 1106 infinito
1267 1042 1352 1105 illius
1376 1041 1537 1127 participij
1562 1041 1631 1104 loco
1652 1039 1819 1125 suppositi,
1836 1040 1861 1102 si
1883 1049 1932 1105 cst
1947 1040 2081 1104 verbum
2097 1062 2170 1126 pas·

353 1159 469 1238 sivum,
493 1155 545 1218 vol
571 1155 641 1219 loco
665 1153 912 1235 terminationis,
937 1151 964 1214 si
988 1157 1037 1215 est
1061 1150 1149 1214 aliud
1174 1171 1269 1236 quam
1293 1149 1467 1234 passivum,
1491 1155 1527 1211 ut
1549 1148 1581 1210 in
1605 1149 1665 1212 isto
1689 1148 1841 1212 themate.
1863 1173 1877 1206 a
1896 1147 1942 1212 Lo
1963 1151 2088 1212 araistro
2107 1169 2171 1213 ser·-

351 1267 409 1329 aito
432 1286 469 1326 aa
492 1285 512 1326 a
535 1265 567 1327 la
585 1265 689 1360 piazcr.
717 1261 865 1346 Maqlstcr
887 1262 938 1324 cra'
967 1259 1100 1343 aliquem
1129 1258 1193 1340 fait
1224 1259 1351 1338 seruire,
1375 1256 1436 1320 hoc
1467 1263 1568 1319 totum
1599 1261 1649 1318 ost
1679 1255 1749 1319 loco
1781 1255 1955 1341 suppositi,
1980 1257 2024 1320 rel
2054 1258 2104 1320 cai
2133 1255 2171 1320 al>

350 1373 455 1456 aliquo
475 1372 540 1454 fait
561 1372 672 1434 sarciri
681 1419 690 1451 ,
714 1369 774 1432 hoc
799 1374 848 1431 cst
872 1367 1092 1452 suppositum,
1117 1365 1200 1428 radit
1221 1365 1264 1428 ad
1280 1365 1416 1448 plateam
1440 1387 1477 1446 »3
1502 1362 1553 1427 vcl
1577 1363 1608 1425 in
1633 1363 1694 1426 isto
1718 1361 1799 1426 alio:
1823 1361 1904 1427 «Lo
1922 1366 2048 1427 maistro
2070 1371 2171 1428 amato

354 1502 391 1544 aa
414 1501 434 1542 a
458 1480 490 1542 la
507 1480 621 1563 piaza:
644 1476 804 1561 Mapister,
829 1495 917 1560 qaam
937 1474 1001 1556 fait
1024 1474 1136 1554 cinari,
1163 1473 1245 1536 cadit
1268 1472 1310 1535 acl
1328 1472 1466 1555 plateam
1486 1493 1516 1552 »3
1539 1469 1590 1533 vel
1614 1470 1682 1532 sine
1706 1469 1853 1552 relativo,
1877 1469 1905 1533 si
1934 1470 2172 1535 substantivum

355 1584 516 1672 participij
541 1593 604 1650 non
629 1583 761 1646 habebit
785 1587 966 1666 rcspcotum
990 1580 1052 1643 nisi
1076 1579 1117 1642 ad
1146 1578 1225 1642 illud
1252 1577 1457 1664 participium
1484 1577 1515 1640 in
1544 1576 1684 1640 thomate
1713 1577 1861 1662 ponendo
1888 1577 1967 1641 illud
1998 1577 2171 1642 substanti·

350 1800 468 1881 sivum,
486 1805 518 1863 ot
534 1797 683 1862 ordinare
708 1795 789 1860 illud
814 1795 973 1858 infinitum
1000 1795 1041 1857 ad
1064 1793 1265 1880 suppositum
1288 1792 1374 1855 illius
1396 1791 1486 1855 vcrbi
1506 1791 1576 1872 fuit,
1594 1791 1677 1854 utin
1695 1791 1755 1854 isto
1773 1791 1930 1856 themate:
1953 1792 2032 1856 «Lo
2047 1796 2172 1858 maistra

350 1909 366 1971 l
390 1913 531 1990 aprczala
554 1906 595 1968 da
619 1906 641 1968 li
664 1905 794 1968 scolari:
814 1901 1001 1987 Mapistrura
1021 1902 1085 1983 fait
1108 1903 1196 1965 tiocia
1218 1921 1238 1964 a
1259 1899 1425 1964 scolaribus
1442 1922 1472 1981 ν,
1489 1899 1542 1962 rol
1565 1899 1626 1962 isto
1650 1897 1761 1962 modo:
1784 1923 1799 1954 ι
1816 1897 1863 1962 Lo
1878 1901 2004 1964 canistro
2020 1902 2035 1964 l
2049 1902 2173 1966 assalito

348 2014 390 2078 (lac
413 2015 436 2076 li
461 2013 610 2076 scholari:
637 2011 794 2075 Scliolares
815 2009 880 2092 fait
902 2009 1029 2095 apprerli
1051 2010 1232 2092 mapistraar
1257 2033 1287 2069 ».

442 2207 587 2313 Explicit
610 2225 759 2290 Donatus
784 2245 840 2310 per
865 2223 976 2288 modos
1001 2222 1203 2308 significandi
1226 2221 1431 2308 compositus.
1456 2220 1526 2284 Dao
1549 2221 1682 2306 gratias.
1707 2221 1823 2285 Amen.

444 2334 505 2418 [ra
526 2332 626 2418 flua]

443 2441 631 2528 Expliciunt
656 2439 768 2504 Floras
792 2439 938 2503 raritatis
963 2437 1139 2522 gramatice
1164 2437 1332 2522 compositi
1355 2457 1374 2500 a
1397 2436 1552 2522 magistro
1577 2435 1767 2519 Bartolutio,
1785 2437 1884 2500 fratre
1904 2437 2052 2523 magistri
2075 2436 2171 2504 Guio-

352 2549 440 2612 zardi
465 2548 692 2630 Bononiensis,
712 2547 767 2632 qui
786 2547 818 2609 in
844 2545 990 2632 partibus
1015 2544 1162 2609 omnibus
1185 2543 1483 2628 Lonibardequclll
1500 2542 1615 2607 Tuscis
1635 2542 1747 2607 doctor
1762 2543 1930 2608 doctorum
1944 2545 1977 2606 in
1993 2544 2172 2630 gramatioa

354 2678 389 2719 ra
414 2663 533 2721 utatur.

391 2680 411 2743 p
445 2765 612 2830 Johanncs
636 2765 676 2828 do
702 2762 834 2848 Spolcto
857 2770 992 2826 vocatur
1016 2783 1035 2824 a
1060 2760 1187 2825 Christo
1210 2759 1429 2824 benedicatur.

443 2871 587 2958 nxpnut

442 3176 483 3240 (ι)
505 3173 558 3225 sa.
