5484 7746
602 629 676 700 258
1025 663 1027 668 ·
1390 650 1630 700 nouuuuurn

598 804 782 868 homiuibus
806 805 946 870 scribere
971 804 1208 869 mandantibus.
1225 809 1277 880 QJ‘
1292 805 1514 870 iuterfuerunt
1538 805 1685 870 dominus
1715 805 1878 871 Henricus
1901 807 2047 872 Bononia
2071 805 2268 894 Episcopus,
2294 809 2417 875 donnus

598 911 708 977 «ludex
731 912 981 998 archipresbiter
1004 913 1107 976 sancti
1129 913 1229 995 Petri,
1252 913 1406 998 magister
1432 913 1618 978 Taucredus
1643 913 1854 997 decretorum,
1872 923 1968 1000 atque
1989 915 2143 1000 magister
2159 915 2326 980 Rclaudus
2347 939 2418 1004 pre·

599 1019 722 1105 positus
745 1019 890 1084 Ecclesia
915 1019 1111 1102 ravennatis,
1136 1027 1168 1084 et
1192 1020 1346 1106 magister
1369 1019 1528 1084 Martinus
1551 1027 1583 1084 et
1607 1019 1732 1084 donnus
1756 1020 1925 1104 Albertus,
1950 1022 2095 1086 canonici
2127 1023 2228 1087 sancti
2258 1023 2348 1087 Petri
2378 1025 2418 1088 de

598 1127 728 1192 civitate
751 1127 909 1209 Bououie,
926 1126 1052 1191 donnus
1068 1126 1210 1191 Jacobus
1234 1126 1479 1192 archidiaconus
1503 1148 1673 1211 ravennas,
1694 1135 1726 1192 et
1750 1128 1875 1192 donnus
1900 1128 2064 1193 Gerardus
2088 1133 2269 1216 prepositus
2290 1131 2417 1215 Ymolc,

599 1240 632 1298 et
655 1234 780 1298 donnus
803 1232 958 1298 Albertus
982 1234 1140 1320 presbiter
1163 1243 1195 1298 et
1220 1233 1394 1298 cardInalis
1417 1233 1584 1316 Ravenne,
1602 1241 1634 1298 et
1657 1235 1815 1320 presbiter
1838 1235 2083 1300 Bonancontrus
2107 1237 2210 1300 sancti
2230 1237 2354 1324 Ypoliti
2378 1238 2417 1304 de

599 1341 728 1405 civitate
752 1341 909 1423 Bononio,
927 1348 959 1404 et
974 1340 1142 1406 Carbonus
1163 1341 1318 1423 notarius,
1336 1349 1432 1427 atquc
1455 1340 1579 1405 Parcus
1604 1343 1748 1406 notarius
1771 1342 1955 1425 Potestatis,
1974 1349 2005 1406 et
2025 1343 2246 1408 Bernardinus
2270 1345 2419 1410 Niclrolai

599 1455 631 1512 et
655 1447 675 1512 J
678 1448 833 1512 accbinus
855 1447 1022 1533 Pelcgrini
1045 1454 1076 1511 et
1096 1447 1274 1512 Ubertinus
1290 1447 1330 1512 de
1346 1447 1471 1512 Mutina
1488 1455 1520 1512 et
1535 1447 1708 1532 Pelegrino
1726 1449 1765 1512 de
1782 1447 1877 1514 Gisso
1894 1456 1926 1513 ct
1942 1448 2116 1514 Guililmus
2130 1449 2169 1513 (¹)
2182 1458 2214 1515 et
2231 1451 2417 1516 Grimaldus

601 1556 744 1621 notarius
767 1555 855 1619 curie
885 1554 1037 1620 Oomuuis
1068 1554 1214 1619 Bononia
1242 1562 1274 1618 et
1299 1555 1356 1638 aiij
1389 1555 1612 1641 quamplures,
1637 1555 1676 1618 de
1709 1555 1824 1641 quibus
1854 1557 2080 1643 suprascriptis
2112 1557 2175 1622 duo
2206 1559 2418 1622 iustrumenta

599 1664 719 1750 scripta
743 1669 833 1744 suut,
858 1683 974 1744 unum,
999 1661 1085 1748 quod
1115 1662 1215 1727 habet
1238 1661 1384 1726 dominus
1409 1661 1698 1747 Archicpiscopns,
1723 1669 1755 1726 et
1786 1662 1871 1727 istud
1894 1685 1952 1750 pro
1977 1663 2147 1728 Communi
2173 1664 2331 1746 Bononie,
2354 1687 2418 1730 uno

600 1770 777 1856 eodemque
800 1776 921 1834 tenore.

689 1877 748 1958 (L.
765 1877 787 1958 †
804 1877 852 1959 S.)
874 1876 946 1962 Ego
970 1876 1126 1958 Pascalis,
1151 1877 1234 1940 sacri
1258 1876 1372 1962 palatii
1396 1877 1550 1960 notarius,
1566 1877 1616 1940 his
1644 1877 1833 1959 interfuiet,
1851 1885 2000 1964 utsupra
2023 1878 2153 1962 legitur,
2170 1879 2322 1942 mandato
2342 1878 2418 1942 dicti

599 1985 720 2050 domini
743 1984 871 2049 Rodolli
896 1985 1020 2050 comitis
1036 1983 1183 2048 Bononia
1198 1983 1384 2066 Potestatis,
1402 1991 1434 2047 ct
1450 1983 1607 2070 parabola
1623 1992 1655 2048 et
1671 1985 1837 2049 voluntate
1853 1985 2019 2049 hominum
2036 1985 2169 2050 Consilii
2186 1986 2359 2072 subscripsi
2368 1987 2416 2050 (2).

1469 2286 1548 2351 ΧΗ.

1353 2483 1450 2565 1219,
1475 2482 1518 2544 aa
1542 2484 1657 2546 martit.

1034 2678 1086 2742 Ex
1110 2685 1187 2742 tom.
1210 2677 1355 2742 XXVII.
1382 2677 1454 2742 Cod.
1480 2679 1554 2762 dipl.
1580 2677 1663 2742 Eccl.
1687 2677 1775 2758 bom,
1799 2699 1886 2742 num.
1910 2677 1982 2742 XL.

687 2890 853 2956 Honorius
876 2913 962 2979 papa
986 2890 1099 2956 Hae)
1124 2891 1218 2957 Olero
1243 2899 1274 2956 ct
1300 2893 1418 2978 populo
1443 2892 1582 2956 civitatis
1606 2900 1638 2956 ct
1662 2891 1799 2956 diocesis
1823 2891 2040 2956 bononiensis.

690 2999 771 3064 Oum
794 2999 912 3064 dilecto
935 2999 1001 3063 filio
1025 2999 1180 3084 magistro
1205 2999 1329 3081 Gratia,
1347 2998 1515 3085 capellano
1533 3007 1641 3062 nostro
1658 2999 1884 3063 archidiacono
1908 3005 2027 3081 vestro,
2045 2998 2233 3062 duxerimus
2251 2999 2418 3085 indulgen-

600 3107 687 3189 dum,
704 3113 749 3188 ut,
773 3127 836 3170 non
861 3106 1009 3171 obstante
1034 3107 1143 3193 aliqua
1167 3106 1397 3170 consuetudine
1422 3129 1483 3192 que
1512 3107 1674 3170 canonicis
1698 3107 1808 3170 obviat
1824 3106 1875 3169 vel
1899 3106 2036 3191 derogat
2051 3107 2215 3176 institutis.
2233 3106 2371 3170 officinm
2387 3113 2418 3169 et

597 3213 854 3297 jurisdictionem
886 3213 1180 3297 archidiaconatus,
1205 3215 1287 3277 sicut
1311 3214 1352 3277 ad
1377 3235 1449 3276 eum
1474 3213 1650 3277 secuudum
1674 3214 1830 3277 canonica
1857 3213 2003 3276 instituta
2032 3212 2084 3276 vel
2107 3213 2321 3300 approbatam
2345 3234 2417 3276 con·

601 3321 804 3385 suetudinem
828 3321 1027 3406 dignoscitur
1050 3322 1221 3406 pertinere,
1247 3320 1347 3385 libere
1372 3343 1409 3384 ac
1433 3321 1588 3406 plenarie,
1607 3321 1754 3384 submoto
1778 3320 1951 3403 cujuslibet
1974 3319 2146 3403 contrario,
2170 3319 2269 3384 etiam
2292 3329 2418 3406 aposto-

600 3428 662 3492 lico
684 3429 860 3510 obstaculo,
877 3429 1074 3515 presentium
1098 3428 1189 3492 vobis
1214 3429 1405 3492 anctoritate
1429 3429 1635 3514 precipiendo
1660 3428 1851 3492 mandamus
1875 3434 2033 3514 quatenus
2055 3427 2159 3491 eidem
2183 3426 2418 3508 archidiacono,

596 3535 650 3599 vel
673 3537 744 3619 ejus
768 3536 899 3618 vicario,
918 3536 950 3599 in
975 3535 1036 3598 hiis
1061 3557 1122 3621 que
1146 3535 1188 3598 ad
1212 3536 1351 3599 officium
1375 3542 1408 3600 et
1428 3535 1686 3620 jurisdictionem
1710 3535 1990 3600 archidiaconatus
2015 3535 2064 3599 sui
2085 3535 2125 3597 de
2146 3536 2219 3618 jure
2237 3535 2289 3598 vel
2305 3556 2420 3621 appro-

597 3642 674 3706 bata
699 3643 930 3708 consuetudine
954 3643 1116 3730 pertinere
1140 3649 1315 3706 noscuntur
1339 3642 1497 3706 obediatis
1521 3641 1652 3724 devote,
1677 3664 1715 3706 ac
1738 3642 1902 3706 humiliter
1930 3641 2114 3706 intendatis.
2138 3641 2293 3727 Alioquin
2325 3663 2419 3706 nove·

596 3749 666 3813 ritis
690 3751 775 3836 quod
800 3751 1003 3833 sententiam,
1021 3771 1118 3836 quam
1139 3749 1223 3813 idem
1248 3749 1493 3814 archidiaconus
1514 3749 1750 3813 rationabiliter
1766 3749 1877 3813 tulerit
1892 3748 1925 3812 in
1941 3748 2088 3832 rebelles,
2105 3755 2211 3811 ratam
2228 3748 2419 3812 habebimus

592 3863 625 3921 et
648 3857 815 3942 faciemus,
841 3865 972 3922 auctore
996 3857 1147 3939 Domino,
1171 3857 1402 3921 inviolabiliter
1425 3857 1602 3921 observari.

686 3965 809 4032 Datum
832 3965 988 4029 Laterani
1011 3965 1122 4051 quinto
1147 3964 1304 4028 kalendas
1328 3965 1450 4050 aprilis,
1475 3965 1680 4051 pontificatus
1705 3965 1805 4028 nostri
1830 3985 1914 4028 auno
1940 3965 2045 4028 tertio.

1465 4269 1563 4332 XIII.

1356 4465 1454 4548 1219,
1478 4466 1522 4527 22
1545 4465 1663 4550 aprilis,

1241 4661 1293 4724 Ex
1318 4660 1432 4725 eodem
1456 4668 1552 4743 tomo,
1578 4681 1664 4724 rium.
1689 4659 1779 4723 XLI.

685 4877 852 4942 Honorius
876 4876 940 4940 III.
951 4875 990 4940 (4)
1008 4877 1163 4962 magistro
1189 4875 1300 4940 Gratia
1325 4875 1495 4960 capellano
1519 4881 1638 4956 nostro,
1662 4873 1901 4938 Archidiacono
1924 4871 2125 4936 bononiensi.

686 4985 735 5049 Ne
757 4986 833 5069 jura
856 4984 1065 5048 bononiensis
1089 4983 1232 5047 Ecclesia
1257 4983 1460 5064 minuantur,
1485 4982 1513 5044 si
1537 5003 1599 5045 non
1623 4982 1664 5044 sit
1688 4980 1743 5066 qui
1774 4981 1957 5066 specialiter
1989 4979 2109 5042 habeat
2133 4999 2243 5042 curam
2274 4978 2362 5061 ejus,
2388 4978 2421 5040 in

598 5093 748 5180 Capitnlo
773 5092 919 5178 ejusdem
941 5091 1087 5155 Ecclesia
1112 5091 1242 5176 plenam
1265 5097 1297 5153 et
1321 5089 1457 5152 liberam
1481 5088 1792 5152 administrationem
1817 5087 2031 5173 spiritualium
2056 5092 2088 5150 et
2110 5084 2337 5170 temporalium
2361 5085 2423 5148 tibi

597 5203 725 5288 tuisque
749 5202 988 5266 successoribus
1010 5199 1172 5283 duximus,
1190 5199 1381 5262 auctoritate
1399 5199 1604 5284 presentium,
1623 5195 1871 5278 concedendam,
1889 5202 1924 5258 ut
1940 5200 1975 5258 tu
1993 5195 2140 5280 idemque
2157 5213 2357 5257 successores
2373 5193 2422 5255 tui

597 5309 860 5374 administrantes
884 5309 916 5372 in
941 5308 1053 5372 eadem
1078 5307 1235 5388 Ecclesia,
1260 5327 1333 5370 cum
1357 5327 1488 5369 necesse
1514 5305 1620 5387 fuerit,
1643 5303 1812 5389 corrigatis
1836 5309 1868 5366 et
1891 5301 2071 5366 reformetis
2095 5322 2132 5364 ac
2157 5300 2315 5382 statuatis,
2339 5299 2423 5363 sicut

598 5439 724 5504 queque
748 5439 806 5505 pro
830 5423 974 5502 tempore
999 5437 1057 5480 suo
1082 5414 1297 5500 cognoveritis
1322 5413 1425 5478 officio
1450 5413 1612 5498 indigere:
1637 5411 1900 5492 contradictores,
1925 5410 1952 5472 si
1976 5409 2030 5494 qui
2054 5408 2183 5490 fuerint,
2209 5407 2260 5471 vel
2284 5407 2422 5471 rebelles

597 5545 656 5610 per
687 5546 838 5589 censuras
871 5523 1123 5604 ecclesiasticas,
1148 5521 1297 5585 submota
1329 5521 1567 5608 appellatione,
1593 5518 1835 5604 compescendo.
1859 5517 1952 5580 Nulli
1982 5536 2060 5600 crgo
2092 5515 2221 5578 omniuo
2255 5513 2423 5577 hominum

597 5631 695 5696 liceat
718 5632 802 5696 hanc
827 5631 980 5718 paginam
1005 5637 1113 5694 nostre
1138 5628 1352 5694 concessionis
1376 5627 1563 5712 iufringere,
1581 5627 1632 5689 vel
1649 5626 1678 5690 ei
1702 5646 1783 5688 ausu
1799 5623 1971 5688 temerario
1988 5621 2163 5704 contraire;
2181 5621 2209 5684 si
2225 5621 2297 5706 quis
2313 5627 2423 5683 autem

599 5737 660 5803 hoc
684 5745 844 5803 attentare
869 5736 1101 5824 presumpserit
1124 5735 1381 5822 indignationem
1413 5733 1639 5819 omnipotentis
1663 5733 1725 5796 Dei
1750 5754 1788 5796 ac
1811 5732 1980 5795 beatorum
2004 5729 2094 5793 Petri
2118 5736 2151 5792 et
2173 5727 2269 5792 Pauli
2293 5733 2424 5812 aposto-

598 5845 704 5910 lorum
727 5848 797 5910 eius
821 5869 855 5911 se
879 5844 1006 5910 noverit
1031 5843 1244 5908 incursurum.

686 5954 809 6019 Datum
832 5953 935 6018 Rome
959 5951 1044 6039 apud
1071 5958 1218 6015 sanctum
1242 5949 1386 6032 Petrum,
1408 5949 1531 6012 decimo
1556 5947 1714 6011 kalendas
1738 5947 1827 6031 maij,
1851 5944 2057 6032 pontificatus
2081 5943 2182 6007 nostri
2206 5963 2291 6005 anno
2315 5940 2423 6004 tertio.

679 6170 690 6212 I
766 6171 793 6220 '.

677 6171 719 6325 (dl)
736 6167 925 6326 Isllcmargins:
945 6273 961 6306 ‹
982 6255 1129 6306 Promo'sor'o
1148 6254 1223 6320 sacta
1243 6251 1447 6316 Archiepiecopo
1465 6249 1589 6301 limmate
1605 6265 1658 6316 pro
1676 6249 1733 6300 illia
1751 6249 1799 6314 qui
1815 6247 1918 6298 crodunt
1937 6244 1975 6296 ad
1992 6242 2208 6309 recuperandum
2226 6240 2338 6292 Terram
2352 6240 2425 6292 Sars-

597 6353 717 6504 etam&
737 6436 779 6487 Ex
798 6453 855 6506 reg.
874 6435 912 6487 11.
931 6433 1047 6486 Honorii
1065 6431 1133 6498 ΙΙΙ.,
1154 6449 1197 6500 ep.
1218 6434 1279 6498 372,
1299 6430 1347 6482 Iol.
1368 6432 1411 6492 78,
1432 6427 1595 6492 thCXIX.,
1616 6425 1733 6477 XXVII.
1753 6423 1852 6476 martii.

677 6528 717 6593 (4)
737 6526 779 6577 Ex
798 6543 856 6595 reg.
874 6524 912 6576 II.
932 6523 1046 6576 Honorii
1067 6523 1134 6586 ΙΙΙ.,
1155 6539 1198 6590 ep.
1219 6525 1279 6585 410,
1299 6519 1347 6571 Iol.
1368 6521 1410 6582 85,
1431 6515 1596 6568 MCCXIX..
1616 6515 1708 6567 XXII.
1727 6515 1829 6583 aprilis.
