5544 7750
1042 657 1255 734 son‘onsnns
1283 682 1486 735 macerans

347 838 388 903 D.
415 838 582 904 Conradus
606 838 728 904 domini
751 838 910 921 Tederici,
928 837 1101 902 canonicus
1125 835 1232 901 00010-

454 946 622 1012 boriensis.

346 1052 436 1138 Mag.
460 1053 660 1136 Dominicus,
685 1052 820 1118 clericus
844 1052 883 1116 (10
908 1051 1041 1118 Ordoni.

346 1159 388 1224 D.
412 1159 555 1241 Draebo,
579 1161 667 1246 prior
689 1159 877 1224 monasterii
900 1158 1132 1223 moliscrensis.

346 1267 388 1332 D.
412 1267 549 1353 Egidius
583 1267 623 1332 de
654 1266 840 1331 Ultranrare
868 1266 908 1330 (10
939 1266 1068 1330 civitate
1093 1264 1230 1351 Tripoli·

455 1383 558 1440 taceo.

345 1482 387 1546 D.
411 1483 549 1569 Egidius
573 1483 612 1547 de
636 1482 802 1564 Lavania,
827 1483 930 1548 sancti
957 1481 1090 1547 Gaurici
1118 1481 1231 1545 Came·

452 1592 594 1655 recensis
615 1591 846 1674 thesaurarius,
864 1590 984 1654 domini
1007 1589 1098 1676 Papo
1122 1589 1230 1675 capel*

456 1698 561 1762 lanus.

345 1805 386 1870 D.
411 1805 547 1890 Egidius
571 1806 670 1888 Petri,
693 1807 865 1871 canonicus
889 1805 1079 1892 plerdcnsis.

346 1913 387 1978 D.
411 1913 502 1977 Elias
526 1913 627 1978 frater
650 1914 771 1978 domini
793 1913 904 1999 Egidii
927 1913 966 1976 de
989 1911 1146 1976 Lavania.

346 2020 387 2085 D.
410 2020 501 2085 Elias
526 2022 565 2086 de
589 2021 761 2108 Plesehyo,
786 2021 959 2086 canonicus
983 2019 1208 2085 belluacensis.

345 2129 387 2193 D.
412 2127 563 2193 1111001100
586 2128 686 2212 Petri,
713 2129 885 2192 canonicus
909 2128 1086 2192 herdensis,

347 2236 389 2301 D.
414 2236 649 2320 Ermingardus
684 2235 778 2301 Olibe
815 2237 901 2300 filius
936 2235 1057 2299 domini
1088 2234 1232 2299 Ferrarii

456 2344 563 2408 Olibe.

345 2451 386 2516 D.
410 2451 602 2515 Fornandue
624 2451 763 2532 Nicolai,
788 2451 962 2515 canonicus
986 2450 1158 2514 ovetensis.

346 2559 436 2644 Mag.
461 2557 620 2622 Gariohur
645 2557 684 2622 (10
708 2559 913 2644 Longovilla.

348 2667 389 2731 D.
408 2666 559 2749 Garinus,
574 2667 746 2731 canonicus
763 2667 866 2730 sancti
881 2667 1031 2752 Dionysii
1048 2667 1231 2731 leodiensis.

347 2774 437 2860 Mag.
462 2774 627 2838 Gerardns
652 2773 691 2837 (10
714 2773 918 2838 Montebaro.

348 2883 436 2967 Mag.
463 2881 627 2946 Gerardus
651 2882 691 2946 de
714 2881 904 2965 Dorcfante,
927 2882 1143 2947 ambianensis
1164 2883 1233 2946 dio-

458 2990 549 3052 cesis.

348 3095 438 3181 Mag.
464 3096 629 3160 Gerardns
662 3096 702 3160 de
734 3096 915 3180 chraxio,
940 3097 1113 3162 canonicus
1143 3096 1233 3161 lena-

454 3205 567 3288 jcnsis.

349 3311 390 3375 Ι).
416 3311 581 3376 Gerendus
604 3312 644 3376 de
669 3312 857 3378 Gornazeno
882 3313 921 3377 de
944 3313 1074 3378 Parma.

346 3418 387 3483 D.
414 3418 589 3502 Gerardus,
614 3420 787 3484 canonicus
810 3421 1020 3485 tornacensis.

348 3525 388 3588 D.
414 3525 579 3590 Gerardns
601 3526 641 3589 dc
665 3527 813 3610 Bruntio,
838 3526 993 3592 scholaris
1016 3527 1098 3592 Bon.

348 3632 389 3696 D.
416 3632 581 3697 Gcrerdns
616 3633 655 3698 de
690 3633 857 3716 Besentio,
885 3641 1075 3720 procurator
1111 3635 1231 3700 domini

457 3740 592 3805 Henrici
615 3740 654 3805 (10
679 3740 821 3826 Glagris.

347 3847 388 3912 D.
414 3848 613 3912 Gerardinus
637 3848 808 3931 lobannis,
832 3849 1005 3914 canonicus
1029 3852 1203 3935 agatensis.

349 3955 390 4020 Ι).
409 3955 561 4020 Gifredus
578 3956 617 4019 de
633 3956 885 4020 vicecomitibus
905 3956 1118 4041 placentinus,
1135 3980 1231 4024 cano-

457 4064 547 4128 nicus
570 4063 785 4128 eboracensis.

351 4171 393 4236 D.
418 4171 635 4236 Gondisalvus
658 4170 828 4254 Roderlci,
852 4173 1025 4237 canonicus
1052 4173 1233 4258 burgensis.

351 4278 393 4343 D.
418 4278 597 4343 Grimerius
621 4279 661 4342 dc
684 4277 936 4343 vicecomitibus
953 4280 1165 4366 placentinus,
1182 4302 1234 4346 ca·

458 4386 592 4451 nonicus
616 4384 831 4450 eboracensis.

351 4492 439 4578 Mag.
464 4493 650 4557 Gualtcrins
674 4493 714 4557 (10
737 4493 913 4559 Vacharia.

351 4601 392 4665 D.
419 4599 629 4683 Guarnerius,
653 4602 826 4666 canonicus
849 4603 1056 4666 brixiliensis.

351 4706 439 4794 Mag.
458 4707 564 4772 Guido
588 4709 628 4772 de
643 4708 800 4794 Largnin,
818 4710 991 4775 canonicus
1007 4711 1233 4777 noviomensis.

351 4816 392 4881 D.
418 4816 534 4899 (luido,
559 4817 731 4881 eanonicus
756 4817 795 4881 de
818 4824 929 4882 sancto
952 4819 1074 4884 Leone.

350 4923 439 5009 Mag.
464 4922 657 4988 Guilielmns
672 4924 757 4987 filins
774 4925 896 4988 demini
919 4924 1085 4990 Gnilielmi
1109 4925 1232 4994 (1οΒ0-

458 5051 549 5116 yaco,
575 5029 762 5094 senonensis
785 5031 931 5095 diocesis.

351 5136 393 5201 D.
418 5136 610 5201 Guilielmus
634 5136 673 5201 de
697 5136 860 5221 Bociaris,
885 5139 973 5224 prior
1000 5139 1040 5205 de
1062 5140 1233 5206 Amiliaco.

351 5243 393 5308 D.
418 5243 610 5308 Guilielmus
635 5243 674 5308 dc
697 5244 895 5330 Bairxiaris,
919 5247 1007 5333 prior
1034 5249 1168 5313 ecclesie
1194 5249 1234 5313 de

458 5352 624 5418 Mellian0.

351 5460 393 5525 D.
419 5460 611 5525 Guilielmus
634 5462 814 5547 Rosetagni
838 5463 877 5526 de
899 5462 1178 5551 Montcpesnlano.

352 5567 394 5631 D.
419 5566 612 5631 Guilielmus
647 5568 804 5633 Borcardl
827 5551 1017 5655 procurator
1039 5572 1234 5636 venerabilis

459 5676 560 5761 patris
573 5675 693 5740 domini
706 5677 789 5760 Elie,
798 5678 1068 5763 petragoricensis
1081 5681 1233 5766 episcopi.

353 5782 395 5847 Ι).
420 5783 612 5848 Gnilielmns
636 5785 675 5848 (10
699 5785 828 5871 Dopnio
851 5786 936 5850 filius
952 5786 1073 5851 domini
1098 5781 1237 5853 Gerardi

460 5891 499 5954 (10
521 5891 662 5977 Dopnio.

352 5997 394 6061 D.
419 5996 611 6063 Guilielmus
636 5999 675 6063 de
698 6000 912 6087 Argentaria,
937 6003 1110 6066 canonicus
1138 6025 1237 6090 engo-

459 6105 630 6170 lismensis.

354 6210 394 6274 D.
421 6211 613 6276 Guilielmus
637 6213 677 6277 (10
701 6213 812 6279 Monte
834 6215 969 6298 Barnlfi,
986 6215 1096 6301 legum
1115 6217 1236 6282 doctor.

353 6316 394 6382 D.
417 6317 609 6383 Guilielmns
626 6319 802 6405 Thomasii,
820 6322 994 6386 canonicas
1010 6323 1238 6389 laudemensis.

416 6549 455 6614 (1)
476 6549 520 6599 An
539 6548 710 6602 Endcslicnc.

505 6830 574 6868 TOM.
593 6831 627 6868 11.

2099 661 2174 732 313

1296 835 1338 900 D.
1364 836 1556 901 Gnilielmus
1587 835 1744 918 Bocardi,
1769 836 1903 901 clericus
1935 843 1967 900 et
1990 844 2179 922 procurator

1402 943 1596 1007 venerabilis
1613 945 1714 1030 patris
1727 943 1847 1008 domini
1863 944 2097 1030 peragoliensis
2112 947 2179 1033 epi-

1402 1052 1501 1138 scopi.

1294 1156 1382 1244 Mag.
1408 1158 1601 1223 Guilielmus
1625 1159 1664 1223 (10
1687 1159 1829 1246 Boyaco.

1294 1265 1336 1331 Ι).
1362 1265 1554 1330 Guilielmus
1588 1267 1628 1330 de
1664 1266 1809 1350 Duneh.,
1839 1269 2012 1334 canonicus
2047 1291 2180 1334 nemau-

1402 1374 1527 1437 siensis.

1294 1479 1335 1544 D.
1360 1480 1552 1546 Guilielmus
1574 1481 1613 1545 (10
1630 1481 1840 1567 Mondogout,
1858 1484 2030 1548 can'onicus
2047 1506 2179 1549 nemau-

1403 1590 1528 1653 siensis.

1294 1696 1336 1761 D.
1361 1696 1572 1779 Guilielmus,
1596 1697 1700 1761 dictus
1724 1696 1827 1780 Zolis,
1852 1705 1957 1762 rector
1980 1699 2115 1766 ecclesie
2140 1701 2179 1766 de

1401 1805 1613 1890 Magnavilla,
1637 1805 1818 1869 baiocensis
1842 1805 1988 1871 diocesis.

1294 1912 1336 1976 D.
1350 1912 1465 1977 Helias
1482 1913 1521 1975 de
1533 1912 1680 1998 Plessya,
1694 1932 1794 1997 nepos
1811 1913 1958 1998 magistri
1977 1913 2017 1978 (10
2033 1915 2065 1978 10
2078 1916 2180 2002 Tyra.

1295 2021 1384 2106 Mag.
1408 2020 1570 2084 Henrious
1594 2021 1709 2086 Hesta.

1294 2128 1336 2192 D.
1360 2127 1523 2192 Henrious
1546 2129 1631 2192 filius
1648 2130 1769 2194 domini
1787 2129 1908 2195 Azonis
1932 2130 1972 2195 de
1998 2131 2178 2215 Stochem.,

1403 2236 1576 2301 canonicus
1600 2239 1703 2302 sancti
1727 2237 1868 2303 Castoris
1893 2238 1925 2302 in
1950 2237 2164 2303 Continentia.

1296 2343 1337 2406 D.
1361 2343 1534 2426 Henrious,
1556 2345 1643 2430 prior
1666 2353 1776 2410 sancte
1801 2344 1958 2432 Crispina,
1982 2346 2178 2432 perusicnsis

1328 2439 1330 2445 ¹
1404 2452 1549 2515 diocesis.

1295 2558 1337 2623 D.
1362 2559 1524 2624 Henrious
1548 2560 1720 2624 cononicus
1745 2561 1908 2624 metensis.

1296 2667 1338 2731 D.
1361 2667 1524 2732 Henrious
1549 2667 1587 2731 dc
1612 2666 1775 2752 Sestigho,
1799 2668 1972 2732 canonicus
1997 2668 2156 2732 metensis.

1295 2774 1338 2840 Ι).
1361 2775 1534 2856 Ηο011000,
1559 2781 1664 2839 rector
1687 2775 1822 2838 ecclesie
1845 2775 1884 2838 (10
1904 2774 2067 2861 Berpuido
2099 2775 2179 2839 rivo.

1295 2882 1337 2946 D.
1371 2883 1580 2947 Hermannus
1620 2882 1660 2946 de
1692 2881 1915 2946 Landeverch.
1942 2882 2027 2945 filins
2059 2881 2179 2946 domini

1403 2989 1594 3072 Hermanni,
1620 2990 1864 3054 constantientis
1889 2989 2035 3054 diocesis.

1296 3096 1337 3160 D.
1362 3097 1574 3161 Homobonus
1598 3096 1760 3181 quondam
1788 3096 1909 3160 domini
1939 3096 2118 3160 Zambratii
2141 3097 2180 3160 de

1401 3202 1619 3268 Montefeltm.

1190 3332 1192 3336 ’
1295 3311 1337 3376 D.
1360 3312 1460 3396 Hugo
1485 3311 1525 3375 de
1548 3312 1645 3375 Nina.

1294 3421 1336 3485 D.
1361 3421 1461 3506 Hugo
1487 3421 1611 3506 Vigerii
1634 3421 1806 3485 canonicus
1830 3419 2043 3484 santonensis.

1294 3527 1335 3593 D.
1360 3529 1546 3614 Hugolinus
1570 3527 1763 3615 Malaspina.

1293 3635 1335 3699 D.
1359 3636 1503 3701 Jacobns
1527 3635 1689 3722 quondam
1712 3635 1833 3700 domini
1855 3634 2055 3721 Rayrnundi,
2080 3655 2177 3699 cano·

1401 3743 1493 3807 nicus
1516 3743 1738 3808 sistaricensis.

1294 3851 1383 3936 Mag.
1407 3851 1574 3916 dohannes
1598 3851 1637 3915 (10
1661 3851 1825 3914 Binstram
1850 3850 2006 3935 anglicus.

1295 3958 1383 4044 Mag.
1407 3959 1574 4024 Johannes
1598 3960 1637 4023 de
1662 3958 1775 4023 Calido
1798 3957 1918 4022 Beoho.

1296 4067 1385 4153 Mag.
1408 4067 1575 4132 Jobannes
1599 4066 1683 4130 filius
1708 4065 1870 4151 quondam
1893 4065 2013 4130 domini
2028 4063 2179 4129 Jacobini

1403 4174 1443 4238 (10
1467 4174 1650 4238 Vincentia.

1296 4283 1385 4368 Mag.
1409 4282 1576 4348 Johannes
1599 4282 1638 4345 de
1662 4280 1820 4364 Berrich,
1845 4287 1950 4344 rector
1980 4279 2115 4344 ecclesie
2138 4279 2178 4343 de

1404 4389 1521 4454 Beufa.
1742 4461 1743 4464 Ἴ
1843 4383 1848 4388 ’

1298 4497 1386 4582 Mag.
1411 4497 1578 4562 Johanncs
1602 4497 1641 4562 de
1666 4497 1819 4562 Chcseco.

1298 4605 1386 4691 Mag.
1410 4606 1577 4670 Johannes
1601 4605 1729 4687 Trebia,
1750 4613 1855 4668 rector
1878 4602 2012 4666 ecclesie
2043 4601 2083 4665 de
2113 4599 2180 4664 Bu·

1404 4713 1605 4796 lestronelll,
1622 4712 1776 4778 remensis
1799 4711 1945 4775 diocesis.

1297 4819 1338 4884 D.
1364 4820 1530 4886 Johannes
1554 4819 1649 4905 Nigri
1671 4819 1711 4883 (10
1734 4819 2012 4904 Montepesulano.

1296 4928 1338 4994 D.
1361 4929 1529 4994 Johannes
1551 4928 1591 4993 de
1616 4925 2181 5012 (10111οΒοο110,010110001010000-

1406 5038 1449 5102 sis
1473 5037 1619 5102 ecclesie.

1297 5145 1339 5212 D.
1363 5146 1531 5212 Johannes
1568 5145 1607 5210 de
1647 5145 1820 5228 Talantia,
1855 5142 2105 5228 archipresbiter
2140 5141 2180 5205 de

1405 5253 1515 5318 Monte
1538 5253 1714 5335 Andronis,
1738 5251 1941 5316 santonensis
1964 5249 2110 5314 diocesis.

1297 5361 1340 5426 D.
1363 5361 1568 5425 Lanfraneus
1592 5359 1631 5424 de
1655 5360 1841 5424 Ultrarnare
1865 5359 1904 5422 (10
1927 5356 2113 5422 Antiochia.

1297 5467 1339 5533 D.
1362 5468 1558 5533 Laurentius
1581 5467 1622 5532 (10
1645 5467 1750 5550 Fisco,
1768 5465 2007 5552 magalonensis
2032 5463 2179 5528 diocesis.

1284 5575 1385 5662 Mag.
1409 5574 1629 5660 Magnoardus
1662 5573 1823 5661 quondam
1849 5573 1994 5658 Aigcrii,
2019 5571 2059 5636 de
2083 5571 2180 5636 comi·

1405 5689 1475 5747 tatu
1497 5683 1678 5747 florentine.

1298 5789 1387 5875 Mag.
1412 5789 1628 5872 Marcoaldus,
1653 5788 1897 5853 archidiaconns
1919 5785 2103 5850 leodiensis.

1299 5896 1572 5982 Magnentius
1589 5895 1628 5959 de
1640 5896 1785 5960 Paleude
1800 5895 1885 5958 filius
1901 5893 2023 5958 domini
2039 5892 2180 5957 Rodulfi.

1299 6003 1388 6090 Mag.
1409 6002 1560 6067 Matheus
1584 6003 1669 6066 filius
1693 6003 1814 6067 domini
1836 6001 1997 6067 Johannis
2020 5999 2120 6063 Fabri
2143 6000 2182 6064 de

1408 6117 1520 6175 sancto
1544 6109 1653 6174 Giseo.

1300 6218 1343 6284 D.
1365 6218 1516 6283 Matheus
1533 6216 1572 6281 de
1588 6217 1736 6299 Bulaxis,
1752 6222 1858 6280 rector
1877 6214 2012 6280 ecclesie
2036 6214 2076 6277 de
2099 6213 2181 6278 Ner·

1408 6331 1510 6390 toner.
1534 6324 1574 6387 (10
1599 6323 1718 6388 Scotia.
