5544 7750
617 603 693 674 328

613 779 702 865 Mag.
727 779 869 845 Jacobus
892 780 932 846 da
955 781 1158 847 Braudiocio.

612 887 654 952 D.
679 886 822 953 Jacobus
845 889 885 953 de
908 888 1085 956 Riroficeo.

612 993 654 1060 D.
678 995 821 1061 Jacobus
845 996 964 1083 Pipini.

611 1101 653 1166 D.
678 1101 821 1168 Jacobus
845 1103 995 1170 Thousci.

610 1209 653 1274 D.
678 1211 821 1277 lacobus
840 1211 957 1299 Lageti
973 1214 1058 1278 filius
1074 1214 1195 1280 domini
1210 1215 1360 1302 Hugonis
1377 1217 1494 1303 Lageti

718 1319 828 1384 militis
852 1321 1042 1386 arelatensis
1065 1322 1211 1388 diocesis.

609 1426 698 1512 Mag.
722 1427 889 1492 Johannes
913 1428 953 1492 de
975 1428 1149 1513 Palaxiua,
1172 1431 1355 1498 eanonicus.

607 1533 696 1620 Mag.
720 1535 886 1600 Johanncs
907 1535 1063 1620 Medicus,
1080 1559 1142 1622 que
1159 1537 1220 1603 suit
1235 1539 1275 1603 de
1290 1539 1490 1608 Benevento.

608 1641 650 1708 D.
673 1643 841 1708 lohannes
866 1645 1041 1711 Oarazolus
1065 1643 1104 1710 de
1128 1646 1276 1733 Neapoli.

607 1751 649 1816 D.
673 1750 841 1816 lohannes
865 1751 904 1817 de
927 1752 1104 1818 Vinthona.

605 1857 647 1924 D.
671 1858 839 1925 Johannss
861 1859 1056 1925 Thornaxini
1079 1861 1120 1926 de
1143 1861 1328 1928 Nemauxo.

604 1965 647 2032 D.
671 1967 864 2032 Lambartus
887 1967 1026 2051 Bonelli,
1050 1969 1268 2054 provincialis.

604 2073 646 2138 D.
663 2073 780 2140 Larius
796 2075 836 2140 de
853 2075 1061 2163 Oripingen.,
1079 2077 1251 2142 canonicus
1268 2077 1487 2144 osiordiensis.

604 2182 646 2248 D.
670 2182 860 2248 Leonardus
884 2183 924 2247 ds
947 2182 1057 2248 Alato.

604 2290 645 2355 D.
663 2290 826 2355 Mattheus
843 2291 1043 2375 Gondisalvi,
1061 2293 1233 2358 canonicus
1250 2293 1483 2360 ulixbonensis.

603 2397 645 2462 D.
669 2398 833 2463 Mattheus
858 2399 1043 2482 carazolus,
1060 2401 1233 2465 canonicus
1256 2402 1422 2467 bcacensis
1436 2403 1485 2468 (ll.

603 2506 645 2571 D.
669 2507 833 2572 Mattheus
857 2506 896 2572 de
921 2508 1088 2590 Columna,
1107 2509 1279 2574 canonicus
1299 2511 1485 2576 senonensis

710 2623 742 2680 et
765 2616 990 2681 belluacensis.

602 2723 644 2788 D.
669 2723 840 2788 Monaldus
864 2723 904 2788 de
927 2723 1102 2788 Fabriano.

601 2832 689 2918 Mag.
713 2832 874 2915 Morisius,
899 2833 1020 2897 domiui
1042 2833 1132 2918 Papo
1156 2833 1302 2920 scriptor.

601 2940 644 3005 D.
668 2940 788 3005 Mixius
811 2941 933 3006 domini
956 2940 1097 3005 Profecti
1120 2940 1160 3004 de
1181 2941 1332 3006 Pistorio.

600 3046 643 3112 D.
667 3047 843 3130 Radarius,
869 3049 1042 3112 canonicus
1066 3097 1178 3112 .....
1203 3055 1236 3112 et
1258 3050 1481 3118 atrebatensis.

600 3156 642 3221 D.
666 3156 781 3221 Nieola
805 3157 897 3240 Cilla,
922 3157 1095 3220 canonicus
1119 3156 1328 3222 abrincensis.

599 3264 641 3330 D.
664 3265 818 3330 Nicolaus
842 3265 881 3329 (19
903 3264 1049 3348 Perusio,
1074 3265 1158 3329 filius
1183 3265 1303 3330 domini
1327 3267 1455 3334 Masini.

600 3371 641 3436 D.
665 3372 833 3437 Nicolinus
857 3371 897 3436 19
920 3374 1482 3462 9999913919,99999199999991·

708 3481 817 3545 lensis.

601 3587 643 3653 D.
667 3587 739 3653 019
752 3589 801 3654 (²).

599 3695 688 3782 Mag.
713 3695 942 3761 Oddemondus
965 3695 1005 3760 dc
1030 3694 1216 3761 Gaareisld.

598 3803 641 3868 D.
665 3802 862 3887 Ottohonus,
885 3803 1058 3868 canonicus
1082 3812 1115 3867 et
1145 3805 1331 3892 capellanus
1359 3806 1481 3872 domini

705 3912 806 3998 Papo.

596 4021 638 4085 D.
663 4019 817 4105 Pagauus
840 4019 1064 4104 Belengerius.

595 4127 638 4193 D.
661 4128 843 4192 Palmarius
868 4127 907 4191 de
931 4127 1110 4210 Placentia,
1135 4134 1248 4192 rector.

595 4235 637 4300 D.
661 4235 784 4300 Paulus
808 4235 925 4301 Gabbi.

595 4343 637 4410 D.
661 4344 784 4409 Paulus
808 4344 847 4409 (19
872 4344 1006 4426 Gemite,
1031 4344 1203 4409 canonicus
1227 4347 1435 4412 carnotensis.

594 4452 637 4517 D.
659 4453 848 4517 Petrucoius
872 4452 993 4516 domini
1016 4451 1128 4516 Nicole
1152 4450 1192 4516 da
1216 4452 1381 4518 Corruato.

594 4559 634 4626 D.
660 4560 777 4625 Petrus
800 4558 908 4624 David
932 4557 972 4623 de
995 4559 1110 4622 Roma.

594 4669 635 4734 D.
659 4668 776 4733 Petrus
800 4667 839 4732 de
862 4666 1062 4752 Albingana.

593 4777 635 4843 D.
658 4777 775 4842 Petrus
799 4773 987 4839 Burdenini.

591 4885 633 4950 D.
657 4885 775 4949 Petrus
798 4882 838 4947 19
861 4882 988 4946 Ρ99199.

591 4993 633 5060 D.
657 4993 785 5076 Petrus,
809 4990 982 5056 canonicus
1006 4988 1287 5076 compostellanus.

590 5101 632 5168 D.
655 5100 773 5165 Petrus
796 5099 836 5162 do
860 5097 980 5181 Treris,
1004 5096 1177 5161 canonicus
1203 5145 1342 5162 ......

588 5210 631 5275 D.
654 5209 771 5274 Petrus
796 5205 983 5294 Caporadus
1010 5204 1050 5270 da
1074 5204 1197 5287 Roma,
1221 5205 1395 5270 canonicus
1423 5227 1472 5271 re·

696 5316 825 5380 mensis.

588 5425 629 5490 D.
654 5424 771 5488 Petrus
794 5421 924 5506 Majolis
947 5420 988 5484 dc
1011 5419 1158 5505 Armiga.

587 5533 629 5598 D.
652 5532 770 5597 Petrus
793 5531 832 5596 de
856 5531 997 5615 Piperno
1011 5529 1060 5593 (3).

586 5641 628 5706 D.
662 5641 780 5705 Petrus
814 5639 1044 5704 Bonavcnture
1080 5635 1120 5701 de
1154 5636 1395 5722 Paparensibus
1431 5637 1470 5702 (19

585 5857 627 5922 D.
650 5749 821 5943 Phlillpiphs
857 5851 978 5918 domini
1009 5851 1126 5916 Clerici
1160 5851 1199 5916 de
1229 5851 1333 5934 Pisis,
1358 5851 1470 5918 doctor

692 5965 812 6049 legum.

583 6074 625 6139 D.
648 6072 831 6158 Philippus,
856 6067 1029 6134 canonicus
1053 6067 1284 6154 pergamensis.

581 6181 624 6247 D.
647 6181 819 6266 Philippus
842 6176 964 6241 domini
987 6175 1104 6240 Jacobi
1127 6175 1237 6238 militis
1258 6174 1297 6237 19
1321 6173 1480 6264 Parixio.

645 6433 684 6498 (l)
704 6429 749 6481 Al.
767 6429 872 6480 domini
889 6427 963 6494 Papo
982 6425 1147 6492 capellanus.

643 6522 683 6587 (2)
703 6520 748 6571 Al.
767 6517 845 6570 Hono
863 6518 895 6568 de
913 6516 1047 6568 Bochctta.

1308 628 1522 680 SOHOLARES
1551 631 1753 718 mpussuns

1558 784 1600 850 D.
1624 786 1787 853 Rubertus
1812 787 1851 854 de
1875 789 1964 854 Bria.

1557 893 1599 958 D.
1625 894 1735 960 Solate
1758 896 1798 961 ds
1821 897 2004 978 Ubaldinis,
2029 898 2202 962 canonicus
2226 899 2409 966 leodiensis.

1557 1001 1599 1068 D.
1624 1003 1810 1070 Sinibaldus
1830 1006 1870 1071 de
1887 1006 2006 1090 Labro,
2022 1007 2111 1094 prior
2126 1015 2236 1072 sancte
2253 1007 2356 1074 Mario
2372 1009 2441 1074 Ma-

1679 1133 1754 1178 oris.

1557 1218 1598 1284 D.
1624 1133 1779 1284 silvester
1802 1220 1939 1285 Blaxins
1963 1221 2094 1307 Maphei
2118 1221 2157 1286 de
2182 1223 2327 1289 Perusia.

1557 1325 1598 1391 D.
1622 1326 1755 1409 Vanne,
1779 1329 1848 1394 9199
1871 1328 2059 1414 Viguolius,
2084 1329 2205 1394 domini
2230 1331 2378 1396 Silvestri
2399 1333 2439 1398 de

1665 1434 1686 1498 S
1711 1435 1765 1500 all.

1555 1539 1597 1605 D.
1622 1457 1764 1606 chltus
1788 1543 1828 1608 de
1852 1543 1966 1609 Castro
1989 1544 2112 1610 Veteri.

1915 1809 2075 1876 MCCXO.

1553 2076 1641 2162 Mag.
1665 2076 1858 2162 Aymerious
1883 2077 1949 2160 [de]
1975 2077 2163 2164 Sangleriis.

1551 2183 1593 2248 D.
1616 2183 1764 2248 Amelins
1788 2183 1828 2248 de
1852 2184 2079 2250 Montecucoli.

1550 2291 1592 2357 D.
1615 2291 1798 2356 Baldredus
1821 2292 1932 2357 Bisch.

1549 2400 1591 2466 D.
1615 2400 1801 2465 Beruardus
1824 2401 1943 2466 Leonis
1967 2402 2006 2466 19
2030 2403 2141 2468 Monte
2163 2403 2310 2472 Roncali.

1550 2507 1590 2573 D.
1614 2509 1801 2573 Bernartius
1825 2509 1864 2574 de
1888 2509 2088 2594 Vallebona,
2114 2515 2333 2580 nemausensis
2365 2517 2432 2584 119-

1656 2637 1748 2681 cesis.

1547 2724 1589 2789 D.
1612 2724 1799 2789 Beruardus
1822 2724 1942 2790 Leonis
1965 2725 2005 2790 de
2030 2725 2223 2792 Carcasona.

1546 2831 1588 2898 D.
1600 2833 1787 2899 Bernardus
1804 2831 1844 2897 ds
1856 2831 2017 2916 Valbona,
2031 2836 2207 2900 monachus
2224 2839 2431 2905 9999116911-

1653 2940 1741 3004 lslmi
1765 2940 1805 3005 de
1828 2940 1932 3004 Dcsso
1956 2941 2109 3006 Nemone.

1545 3048 1587 3113 D.
1610 3047 1797 3113 Beruardus
1822 3047 1861 3111 de
1884 3047 2031 3113 Foliano.

1544 3154 1586 3219 D.
1609 3155 1806 3220 Bartholdus
1830 3154 1870 3218 de
1894 3154 2089 3220 Trusvautia
2112 3157 2151 3222 (19
2175 3158 2377 3227 Fracemvot.

1544 3261 1587 3328 D.
1611 3263 1842 3328 Bonauentura
1866 3261 1906 3326 de
1929 3261 2045 3326 Roma.

1546 3371 1586 3436 D.
1610 3371 1809 3452 Bonifacius,
1833 3371 2016 3456 prepositus
2040 3373 2224 3458 opoliensis.

1545 3478 1587 3544 D.
1612 3479 1767 3544 (letaldus
1790 3477 1911 3542 domiui
1933 3477 2045 3542 Perini
2068 3479 2107 3544 (19
2131 3481 2277 3546 11199199.

1544 3587 1587 3653 D.
1605 3587 1763 3652 09199199
1779 3586 1819 3650 19
1836 3585 2029 3669 Ρ99999919,
2042 3588 2264 3654 lemovicensis
2280 3591 2427 3660 diocesis.

1545 3694 1587 3761 D.
1612 3695 1767 3777 0999199,
1789 3700 1893 3758 rector
1916 3695 2051 3759 ecclesie
2073 3696 2105 3758 in
2121 3696 2221 3780 Doce,
2239 3702 2427 3785 moguntina

1652 3802 1798 3867 diocesis.

1543 3911 1585 3976 D.
1609 3910 1752 3974 Davizus
1777 3909 1893 3973 ’.191999
1917 3909 1956 3974 19
1979 3908 2157 3976 Florentia.

1542 4017 1583 4084 D.
1607 4017 1722 4100 Diuus,
1746 4017 1856 4102 legum
1879 4016 2000 4082 doctor.

1542 4127 1583 4192 D.
1607 4126 1799 4192 Franciscus
1823 4125 1862 4190 de
1886 4125 2009 4208 Offida,
2032 4126 2118 4190 filius
2142 4127 2262 4193 domini
2286 4129 2423 4198 Nicolai.

1541 4235 1582 4300 D.
1607 4234 1722 4300 Gallus
1746 4255 1852 4298 comes
1876 4233 1916 4297 19
1940 4233 2115 4319 Mangono.

1539 4343 1581 4408 D.
1606 4341 1728 4425 Ganos,
1746 4341 1813 4406 9199
1838 4341 2015 4424 (19199999,
2033 4341 2154 4405 domini
2169 4342 2328 4408 Johannis
2352 4345 2423 4410 Ma-

1647 4449 1754 4515 nensis
1778 4449 1817 4514 19
1840 4448 1935 4513 Pisis.

1538 4557 1580 4624 D.
1602 4556 1766 4622 Gerardus
1781 4555 1941 4640 Rostagni
1957 4554 1997 4619 19
2014 4555 2174 4640 Bitarora,
2192 4557 2327 4624 diocesis
2344 4581 2421 4626 ave-

1647 4664 1822 4730 nionenais.

1537 4772 1579 4838 D.
1604 4772 1711 4857 Ghigo
1736 4771 1872 4852 Giraldi,
1896 4770 2109 4834 sistaricensis
2133 4769 2279 4836 11999919.

1536 4880 1578 4945 D.
1604 4878 1756 4944 Giraldus
1780 4877 1921 4942 Truzeti.

1537 4987 1578 5053 D.
1600 4985 1774 5051 Girauldns
1792 4984 1948 5067 Giroaldi,
1966 4984 2186 5049 nemausensis
2203 4985 2348 5070 diocesis,
2366 5009 2419 5052 ca-

1643 5097 1776 5162 nonicus
1799 5095 2015 5160 bononiensis.

1535 5205 1577 5270 D.
1602 5205 1764 5269 Gorlanus
1788 5203 1828 5268 de
1852 5202 2092 5267 Gnatiiollaria.

1535 5312 1576 5378 D.
1602 5312 1748 5398 Graphto
1765 5310 1849 5374 lilius
1865 5309 1987 5374 domini
2001 5308 2159 5374 Lndovici
2173 5309 2214 5374 de
2228 5311 2418 5396 Maspurgh.

1534 5421 1575 5485 D.
1608 5418 1794 5484 Gualterius
1829 5417 1868 5481 de
1904 5416 2144 5502 Oronemberg,
2179 5416 2264 5481 filius
2296 5416 2419 5482 domini

1641 5525 1818 5591 Franconis
1842 5524 1963 5587 militis.

1533 5634 1575 5699 D.
1591 5633 1864 5718 Guarmignanus,
1882 5632 2017 5696 clericus
2036 5631 2169 5696 99919919
2186 5639 2296 5697 sancte
2311 5632 2417 5700 Maria

1639 5742 1785 5826 Lnganc,
1809 5738 1945 5804 diocesis
1968 5739 2167 5804 mutinensis.

1518 5849 1573 5914 ·D.
1599 5848 1705 5914 (luido
1730 5847 1865 5912 Giraldi.

1533 5957 1620 6042 Mag.
1646 5955 1838 6020 Guillelmus
1862 5955 1902 6020 de
1924 5953 2088 6018 Valentia.

1531 6065 1618 6150 Mag.
1644 6063 1837 6128 Guillelmus
1860 6063 1900 6126 de
1923 6062 2117 6144 Villauova,
2142 6061 2317 6126 canonicus
2341 6062 2417 6126 bar-

1638 6171 1831 6236 cillonensis.

1592 6423 1631 6487 (3)
1651 6419 1802 6472 Cardinalis
1823 6424 1849 6472 et
1868 6423 2007 6490 protector
2025 6419 2278 6484 camaldulensium,
2299 6421 2378 6471 1³00.
