5484 7746
658 612 734 682 260
1448 637 1688 688 nonuunnrn

658 789 824 872 diaeonus,
841 789 895 875 qui
920 812 978 875 pro
1002 796 1146 876 tempore
1171 791 1278 874 fuerit,
1296 813 1389 877 quem
1415 799 1487 880 post
1510 792 1706 880 Episcopum
1731 800 1857 858 constat
1880 815 1950 858 esse
1974 802 2071 881 eaput
2095 795 2247 881 Capituli,
2264 819 2335 862 cum
2356 799 2475 863 ibidem

657 897 883 962 ressidentiam
907 897 1035 980 fecerit,
1060 898 1205 985 predicta
1238 907 1389 963 exerceat
1418 901 1519 986 ipsius
1547 901 1616 964 rice
1641 901 1799 987 Capituli,
1825 902 1907 966 sicut
1931 924 2056 990 queque
2080 925 2137 968 suo
2162 907 2350 990 cognoverit
2371 907 2473 973 officio

656 1004 814 1090 indigere,
839 1005 1101 1088 contradictores,
1123 1006 1150 1070 si
1174 1007 1229 1092 qui
1253 1007 1383 1090 fuerint,
1400 1008 1452 1072 rel
1475 1007 1625 1092 rebelles,
1643 1030 1701 1095 per
1720 1031 1873 1073 censuras
1897 1011 2141 1095 ecclesiasticas,
2158 1013 2307 1078 submota
2331 1017 2474 1102 appella-

656 1113 753 1193 tione,
779 1111 1021 1197 compescendo.
1046 1111 1136 1176 Nulli
1160 1134 1238 1198 ergo
1263 1113 1392 1179 omnino
1416 1113 1582 1179 hominum
1604 1115 1701 1180 liceat
1724 1115 1807 1180 hanc
1831 1115 1984 1202 paginam
2007 1124 2115 1182 nostre
2131 1122 2345 1185 concessionis
2361 1123 2472 1188 inirin-

656 1240 733 1305 gere
758 1219 810 1282 rel
834 1219 864 1282 ei
888 1239 969 1283 ausu
992 1220 1163 1284 temerario
1187 1222 1366 1305 contraire,
1391 1221 1418 1284 si
1442 1223 1513 1308 quis
1537 1229 1645 1286 autem
1675 1223 1736 1286 hoc
1769 1229 1928 1287 attentare
1955 1226 2196 1313 presumpserit,
2220 1227 2473 1314 indignationem

657 1327 887 1415 omnipotentis
910 1329 973 1393 Dei
997 1350 1035 1393 ac
1058 1328 1227 1393 beatorum
1250 1328 1341 1393 Petri
1365 1339 1396 1394 et
1419 1330 1514 1395 Pauli
1539 1332 1757 1418 apostolorum
1782 1333 1851 1397 eius
1875 1354 1909 1397 se
1933 1333 2058 1397 noverit
2081 1333 2293 1399 incursurum.

746 1435 868 1500 Datum
891 1434 994 1500 Rome
1018 1436 1105 1522 apud
1128 1444 1274 1502 sanctum
1297 1437 1441 1522 Petrum,
1466 1438 1590 1504 decimo
1613 1439 1771 1504 kalendas
1794 1441 1882 1525 maij,
1906 1441 2111 1527 pontificatus
2136 1443 2236 1507 nostri
2259 1465 2343 1508 anno
2366 1448 2470 1511 tertio.

1510 1759 1621 1824 XVII.

1427 1975 1524 2059 1219,
1548 1975 1592 2039 28
1614 1977 1706 2040 iunii.

1075 2187 1128 2252 Ex
1150 2197 1237 2254 tomo
1261 2189 1387 2254 XLIII.
1416 2189 1488 2254 Ccd.
1513 2191 1588 2274 dciii.
1614 2190 1697 2254 Erel.
1721 2191 1808 2275 bota,
1832 2213 1919 2256 num.
1944 2193 2054 2257 XVII.

742 2405 917 2488 Honorius,
942 2425 1053 2468 servus
1078 2425 1245 2468 servorum
1268 2403 1390 2486 Deio),
1408 2403 1525 2468 dilecto
1550 2405 1615 2468 lilio
1639 2405 1877 2470 Archidiacono
1901 2406 2115 2490 Bononiensi,
2127 2408 2265 2472 salutem
2288 2415 2320 2473 et
2343 2419 2472 2496 aposto·

655 2513 752 2576 licam
776 2511 1043 2576 benedictionem.

745 2619 827 2684 Ourn
850 2641 926 2706 sepe
952 2619 1118 2704 contingat
1140 2624 1177 2682 ut
1200 2617 1305 2681 minus
1328 2619 1414 2682 docti
1438 2619 1478 2682 ad
1503 2618 1639 2682 docendi
1661 2619 1805 2704 regimen
1822 2627 2037 2702 assumantur,
2054 2629 2185 2708 propter
2202 2623 2287 2708 quod
2311 2633 2343 2688 et
2361 2623 2472 2690 docto-

657 2749 727 2790 rum
749 2727 853 2791 honor
875 2727 1049 2808 minuatur,
1071 2733 1103 2790 et
1125 2726 1289 2813 profectus
1313 2725 1507 2812 impediatur
1529 2726 1723 2790 scholarium
1747 2727 2361 2810 volentiumerudiri,noseoru1ndem
2385 2733 2474 2796 utili-

655 2834 715 2898 tati
738 2841 770 2897 et
793 2834 909 2898 honori
931 2834 1114 2920 prospicere
1139 2834 1315 2919 cupientes,
1333 2833 1524 2897 auctoritate
1551 2833 1745 2918 presentium
1762 2833 1912 2898 duximus
1929 2835 2145 2919 statuendum,
2162 2844 2197 2901 ut
2213 2838 2321 2901 nullus
2336 2838 2475 2904 ulterius

654 2940 840 3006 incivitate
865 2941 1010 3026 predicta
1034 2941 1075 3004 ad
1098 2940 1235 3004 docendi
1257 2941 1401 3026 regimen
1426 2947 1618 3022 assumatur,
1641 2941 1702 3003 nisi
1725 2961 1744 3004 a
1768 2948 1798 3004 te
1824 2941 1956 3005 obtenta
1980 2943 2120 3027 licentia,
2137 2945 2375 3010 examinatione
2399 2969 2475 3033 pre·

655 3048 767 3112 habita
787 3048 944 3132 diligenti,
962 3055 997 3112 tu
1013 3048 1151 3133 denique
1176 3048 1437 3130 contradictores,
1455 3047 1482 3110 si
1499 3049 1553 3133 qui
1570 3047 1699 3130 fuerint,
1717 3049 1768 3111 vel
1785 3047 1932 3132 rebelles,
1949 3071 2191 3136 percensuram
2209 3052 2474 3136 eeclesiasticam,

655 3155 874 3243 appellatione
898 3161 1031 3238 remota,
1057 3177 1251 3241 compescas.

744 3263 865 3327 Datum
889 3262 1241 3328 Rome1v.halendas
1262 3263 1348 3348 julij,
1372 3263 1578 3350 pontificatus
1602 3263 1703 3327 nostri
1727 3284 1811 3327 anno
1835 3283 1887 3327 111.

1495 3585 1624 3650 XVIII.

1403 3799 1498 3882 1219,
1522 3800 1566 3863 28
1589 3797 1724 3864 octobris.

1282 4014 1335 4077 Ex
1358 4013 1471 4078 eodem
1495 4020 1600 4097 tomo,
1624 4035 1710 4078 num.
1735 4013 1838 4078 XLV.

740 4229 907 4293 Honorius
931 4227 1045 4293 Ill.(2l
1062 4228 1217 4312 magistro
1242 4227 1364 4310 Gratia,
1389 4227 1559 4313 capellano
1583 4234 1702 4291 nostro.

742 4336 823 4400 Cum
846 4335 880 4400 in
903 4335 1117 4399 Lateranensi
1141 4334 1284 4399 Ooncilio
1308 4334 1444 4423 provida
1467 4335 1564 4398 fuerit
1587 4334 1818 4399 deliberatione
1840 4341 2005 4418 statutum,
2023 4342 2058 4399 ut
2073 4342 2244 4422 postquam
2261 4336 2331 4422 quis
2349 4337 2479 4400 electus

652 4443 750 4507 fuerit
773 4443 814 4506 ad
838 4443 1059 4529 episcopatum
1083 4450 1115 4506 et
1140 4443 1306 4506 electionis
1337 4442 1612 4506 confirmationem
1637 4443 1798 4528 acceperit
1821 4463 1859 4507 ac
1880 4443 2171 4510 ecclesiasticorum
2193 4443 2350 4508 bonorum
2374 4444 2482 4508 fuerit

652 4549 921 4614 ministrationem
945 4550 1091 4636 adeptus,
1109 4551 1244 4613 decurso
1269 4557 1412 4636 tempora
1437 4549 1476 4613 de
1502 4549 1719 4614 consecrando
1735 4549 1906 4636 Episcopis
1922 4572 1941 4613 a
1958 4551 2136 4614 canonibus
2153 4551 2297 4632 diffinito,
2315 4551 2355 4614 de
2371 4551 2481 4637 ipsius

652 4658 747 4722 alecti
770 4657 934 4722 beneficiis
958 4657 1003 4740 is,
1028 4656 1070 4721 ad
1094 4678 1190 4743 quem
1213 4663 1360 4744 spectare
1384 4657 1594 4742 dignoscitur,
1620 4656 1756 4720 liberam
1780 4656 1971 4743 disponendi
1994 4657 2114 4721 habeat
2137 4657 2342 4739 facultatem,
2367 4669 2402 4721 et
2429 4681 2483 4722 se-

651 4767 792 4829 cundum
816 4765 988 4829 canonicas
1013 4765 1214 4846 sanctiones,
1238 4764 1266 4827 si
1289 4765 1467 4829 consecrati
1491 4765 1523 4827 in
1547 4763 1725 4849 Episcopos
1749 4785 1790 4827 ex
1815 4765 1924 4850 aliqua
1948 4786 2063 4846 eausa,
2088 4764 2259 4829 dummodo
2283 4766 2352 4829 sine
2375 4765 2482 4852 eulpa

652 4895 729 4956 sua,
754 4894 820 4937 non
842 4871 1041 4958 recipiantur
1065 4893 1084 4934 a
1107 4871 1294 4955 Parroehijs
1328 4871 1368 4936 ad
1399 4893 1479 4956 quas
1508 4871 1627 4935 suerint
1652 4872 1846 4954 consecrati,
1870 4871 1993 4959 possint
2025 4873 2057 4935 in
2088 4872 2209 4936 honore
2240 4873 2329 4958 prius
2360 4873 2482 4939 habito

650 4981 807 5062 residere,
832 5001 872 5043 ne
897 4979 1064 5064 contingat
1088 5001 1142 5043 eos
1167 4979 1311 5062 interim,
1337 4979 1422 5064 quod
1446 4987 1530 5042 esset
1554 4979 1745 5061 absurdum,
1771 4979 1943 5064 acephalos
1966 4979 2122 5063 inveniri,
2147 5001 2205 5044 nos
2228 4980 2373 5045 volentes
2401 4983 2484 5066 alijs

651 5087 852 5173 malignandi
876 5087 1045 5150 materiam
1070 5093 1249 5173 amputare,
1274 5093 1306 5149 et
1329 5087 1397 5168 tihi,
1423 5108 1519 5171 quem
1543 5086 1723 5150 dilectionis
1747 5087 1954 5172 prerogativa
1978 5086 2159 5171 diligimus,
2183 5108 2374 5172 precavere,
2404 5111 2483 5175 pre·

651 5196 744 5281 cipue
768 5201 900 5282 propter
923 5193 1049 5257 viarum
1074 5201 1106 5258 et
1130 5194 1227 5257 maris
1252 5193 1438 5257 discrimina
1461 5202 1493 5258 et
1518 5194 1593 5280 quia
1616 5201 1704 5258 tarra
1727 5193 1939 5258 ultramarina
1964 5195 2097 5278 majori,
2122 5216 2219 5279 quam
2243 5201 2347 5258 cetere
2372 5205 2484 5278 terr-e,

650 5301 828 5366 discrimini
851 5300 1015 5385 subjacet,
1041 5300 1226 5364 discretioni
1249 5307 1315 5383 tue,
1340 5301 1532 5365 auctoritate
1556 5301 1754 5386 presentium
1782 5301 1933 5364 duximus
1957 5300 2213 5384 concedendum,
2237 5308 2274 5364 ut
2296 5301 2485 5388 Ecclesiae,

651 5431 709 5473 seu
732 5409 890 5473 beneficia
914 5415 987 5491 tua,
1013 5409 1096 5472 sicut
1128 5409 1284 5472 hactenus
1317 5409 1459 5492 tenuisti,
1484 5409 1625 5492 tamdiu,
1650 5416 1796 5473 cessante
1823 5409 1996 5493 cujuslibet
2019 5408 2289 5491 contradictione,
2313 5410 2485 5494 retineas,

651 5517 754 5582 donec
777 5515 923 5580 Ecclesia
948 5516 1150 5598 antiochena,
1172 5516 1212 5579 ad
1237 5517 1330 5601 cujus
1354 5538 1464 5580 curam
1488 5523 1520 5580 et
1544 5517 1689 5601 regimen
1712 5517 1850 5580 electum
1874 5523 1905 5580 te
1929 5517 2082 5581 canonice
2107 5516 2257 5580 duximus
2281 5517 2486 5582 confirman-

650 5624 745 5706 dum,
771 5623 902 5710 planam
926 5629 959 5686 et
981 5623 1149 5708 pacificam
1173 5623 1387 5711 personaliter
1408 5625 1644 5710 possessionem
1668 5624 1804 5710 adeptus
1828 5625 1927 5687 fueris
1951 5624 2169 5710 corporalem,
2193 5623 2367 5718 districtius
2394 5626 2487 5689 inhi-

650 5731 764 5795 bentes
795 5751 835 5794 ne
868 5730 939 5815 quis
971 5730 1099 5793 interim
1129 5738 1295 5816 presumat
1324 5731 1383 5794 tibi
1414 5731 1570 5795 beneficia
1599 5731 1669 5817 ipsa
1693 5731 1901 5814 subtrahere,
1925 5739 1981 5794 aut
2004 5738 2036 5795 te
2061 5752 2157 5817 super
2180 5731 2244 5794 illis
2267 5731 2487 5816 aliquatenus

649 5838 834 5903 molestare.
858 5837 949 5901 Nulli
973 5857 1051 5922 ergo
1076 5837 1205 5902 omnino
1229 5838 1396 5902 hominum
1419 5839 1515 5902 liceat
1537 5839 1622 5902 hanc
1646 5839 1800 5926 paginam
1824 5845 1930 5903 nostre
1963 5838 2177 5902 concessionis
2210 5845 2242 5902 et
2271 5837 2487 5904 inhibitionis

649 5945 828 6031 infringere
852 5943 905 6011 vel
928 5945 958 6009 ei
983 5966 1064 6008 ausu
1089 5945 1260 6010 temerario
1285 5947 1463 6028 contraire,
1481 5947 1508 6009 si
1532 5948 1603 6031 quis
1625 5953 1732 6011 autem
1756 5947 1816 6011 hoc
1841 5952 2000 6009 attentare
2018 5947 2258 6031 presumpserit,
2275 5944 2488 6030 indignatio-

649 6073 724 6118 nem
749 6053 980 6140 omnipotantis
1003 6052 1067 6118 Dei
1090 6073 1129 6117 ac
1152 6053 1322 6117 beatorum
1345 6052 1435 6117 Petri
1458 6061 1490 6117 et
1513 6053 1609 6118 Pauli
1633 6053 1851 6139 apostolorum
1875 6053 1943 6116 eius
1967 6074 2002 6116 sa
2026 6053 2153 6116 noverit
2175 6053 2394 6144 incursurum.

738 6161 862 6225 Datum
884 6160 1026 6224 Viterbii
1050 6167 1165 6246 quarto
1189 6161 1346 6225 kalendas
1372 6161 1565 6244 novembris,
1589 6161 1794 6247 pontificatus
1819 6161 1920 6225 nostri
1944 6181 2028 6223 anno
2052 6166 2178 6245 quarto.

728 6410 768 6475 (l)
788 6408 822 6461 A.
842 6409 872 6461 C.
892 6407 1058 6476 noum,
1078 6408 1211 6461 XXVIII.
1231 6409 1307 6461 iunii.

729 6499 768 6564 (2)
788 6498 830 6549 Ex
848 6515 905 6568 reg.
926 6498 964 6550 11.
983 6498 1098 6550 Honorii
1118 6498 1185 6564 III.,
1205 6516 1248 6568 cp.
1268 6501 1329 6564 587,
1349 6499 1397 6550 fol.
1419 6503 1478 6564 136,
1498 6498 1666 6565 nccxnt,
1685 6497 1818 6551 XXVIII.
1838 6499 1965 6550 octobris.
