5484 7746
641 625 716 695 284

707 796 788 860 Tum
804 806 874 883 post
890 820 1014 883 pcrncn:

702 905 825 968 Noscat
849 913 956 970 vestra
977 905 1073 970 docta
1088 907 1301 993 providentia,
1321 906 1406 992 quod
1422 906 1524 992 magi·

642 1023 707 1077 ster
731 1013 830 1099 Hugo
854 1023 956 1078 morte
980 1022 1153 1100 preventus
1178 1037 1241 1078 uon
1265 1016 1369 1101 potuit
1394 1015 1524 1079 omniuo

642 1122 796 1208 perficere
822 1122 987 1186 Summam
1015 1122 1245 1204 Decretorum,
1271 1122 1327 1185 sed
1351 1121 1468 1186 defecit
1493 1122 1524 1186 in

639 1229 769 1293 XXIII.
787 1251 873 1316 cap,
899 1252 928 1315 q.
947 1229 1044 1314 1111.‚
1062 1237 1122 1294 eto.
1141 1231 1248 1304 Quare
1273 1251 1334 1316 ego
1358 1230 1525 1294 lohannes

640 1337 679 1400 dc
704 1337 774 1401 Deo
796 1339 945 1424 precibus
962 1346 994 1400 et
1011 1338 1280 1423 postulationibus
1298 1339 1525 1420 magistrorum

641 1453 672 1508 ct
693 1445 900 1528 scholarium,
917 1453 948 1508 et
965 1445 1028 1508 tuis
1050 1446 1200 1532 precipue
1218 1443 1375 1526 Dcodate,
1392 1466 1525 1530 aggres-

643 1573 697 1615 sus
721 1573 791 1615 sum
809 1573 888 1638 opus
906 1553 1059 1638 perficere
1076 1559 1118 1634 et,
1135 1553 1243 1615 diuina
1260 1552 1389 1616 favente
1407 1553 1523 1637 gratia,

639 1660 838 1724 consumavi.

700 1769 754 1832 Ad
776 1769 886 1832 calcem
902 1769 1001 1852 operis
1015 1767 1192 1832 huiusmodi
1207 1769 1353 1852 lcquntur
1368 1768 1524 1832 versiculi:

720 1909 760 1961 nn
781 1926 831 1979 ego
850 1927 930 1978 quem
950 1911 1045 1979 genuit
1066 1910 1199 1978 Hispania
1219 1911 1294 1962 clara
1313 1909 1413 1961 sodalis

719 1999 778 2052 Hoc
798 2015 866 2067 opus
887 2001 1007 2068 explicui
1027 2000 1153 2068 precibus
1173 1999 1295 2068 Magistri
1314 1999 1477 2067 imperialis,

719 2088 800 2157 Hugi
821 2090 892 2158 quod
913 2089 1007 2142 l'reaul
1029 2095 1175 2158 preventus
1196 2093 1281 2140 morte
1303 2089 1433 2158 nequivit,

721 2179 780 2230 Hoc
800 2180 848 2230 sed
868 2180 1009 2247 inexpleto
1029 2180 1084 2231 leto
1103 2182 1251 2247 perventus
1271 2178 1356 2230 obibit

720 2267 836 2336 Captum
856 2269 961 2337 perfeci
981 2273 1074 2320 tutans
1092 2269 1137 2338 pis
1158 2267 1241 2336 Virgo
1261 2269 1363 2328 Maria;

719 2359 773 2411 Sed
793 2365 885 2412 tamen
906 2361 1033 2412 emendet
1052 2364 1148 2424 totum,
1168 2376 1242 2427 rogo,
1262 2365 1353 2410 restra
1373 2358 1477 2427 sophia.

1042 2703 1120 2767 VII.

700 2938 753 3001 Ita
779 2937 886 3002 Codice
905 2938 1047 3022 palmiceo
1071 2939 1207 3002 vaticano
1224 2939 1276 3022 qui
1296 2939 1425 3000 corrlinct
1443 2936 1523 2999 Bre-

639 3047 777 3110 viarium
793 3047 1076 3131 Eutravagantum
1094 3044 1253 3109 Bernardi
1268 3045 1451 3130 Praepositi
1466 3065 1523 3129 pa-

637 3155 828 3240 piensis,et
860 3153 1050 3239 Synopsim,
1075 3156 1134 3217 sire
1166 3152 1330 3216 Summam
1364 3151 1522 3235 Sychardi

641 3262 857 3326 cremonensis
882 3261 1024 3346 episcopi
1038 3261 1087 3324 (¹).

696 3493 815 3579 Incipit
831 3493 1036 3557 Breviarium
1048 3492 1332 3577 Extraragautum
1346 3492 1433 3555 beati
1444 3492 1522 3556 Pre-

637 3603 734 3688 positi
767 3601 930 3688 papiensis
970 3621 1055 3664 auno
1094 3600 1252 3664 dominice
1291 3600 1521 3664 incarnationis

636 3707 856 3775 MCLXXIX.
874 3708 1058 3794 presidente
1074 3729 1206 3771 romane
1230 3708 1364 3772 ecclesie
1388 3709 1521 3772 sanctis·

638 3817 719 3881 simo
742 3838 828 3903 papa
844 3815 1034 3881 Alexandro
1050 3815 1133 3898 III.,
1150 3816 1355 3901 pontificatus
1376 3815 1521 3900 ejusdem

637 3947 721 3989 anuo
734 3925 809 3988 XX.
824 3946 933 3988 mensa
950 3924 1067 4006 martii,
1081 3924 1263 3987 indictionis
1275 3922 1370 4005 XII,
1384 3923 1520 3988 etVllI.

636 4034 688 4097 die
713 4033 841 4096 mensis.
868 4031 989 4096 Sedete
1009 4033 1078 4115 jum
1103 4031 1273 4114 discordia,
1298 4039 1358 4096 etc.

698 4143 800 4225 Atque
815 4140 862 4204 liic
876 4139 947 4223 fuse
962 4138 1146 4203 describitur
1161 4138 1289 4202 schisma
1306 4139 1343 4203 ad
1357 4137 1522 4203 Octaviano

636 4250 795 4332 Aritipuqm
819 4255 846 4312 et
861 4247 985 4311 Jocrrne
1007 4250 1173 4311 strumen-si
1196 4249 1357 4310 excitatum
1374 4247 1521 4310 adrasus

638 4356 857 4420 Alexandrum
879 4353 944 4418 III.
977 4353 1055 4417 Ilrin
1076 4363 1264 4418 memoratur
1282 4353 1451 4417 Concilium
1474 4355 1519 4418 le·

636 4473 793 4528 tercrnense
815 4461 853 4526 ab
876 4462 977 4525 eodan
1000 4461 1180 4525 Alexandro
1196 4460 1259 4525 Ill.
1279 4462 1437 4525 indictum.
1456 4460 1518 4526 No-

636 4571 732 4636 tundu
755 4577 827 4634 sunt
849 4570 921 4633 lrcec
946 4569 1052 4632 cerlo:

700 4679 817 4741 Sancta
842 4683 874 4740 et
897 4675 1090 4740 universalis
1115 4674 1264 4760 Synodus
1285 4676 1518 4762 episcoporum,

637 4786 804 4851 adirersis
821 4784 931 4848 mundi
948 4784 1095 4870 partibus
1113 4791 1373 4868 convocatorum,
1386 4805 1519 4870 congre-

635 4903 713 4981 gata
736 4901 784 4958 est
808 4895 841 4957 in
864 4893 1015 4976 basilica,
1041 4913 1103 4977 que
1128 4891 1311 4977 appellatur
1336 4892 1519 4958 Constanti·

636 5005 744 5085 niana,
763 5003 795 5065 in
819 5024 883 5088 qua
908 5001 1039 5087 Synodo
1063 4999 1258 5065 XXXVIII.
1283 5021 1422 5064 canones
1446 5022 1519 5088 pro·

635 5111 794 5196 mulgavit
817 5109 1039 5174 sanctissimus
1063 5129 1149 5194 papa
1171 5107 1370 5172 Alexander.

696 5219 746 5283 De
768 5239 799 5283 se
822 5219 885 5302 ipso
906 5225 1007 5280 (rectem
1024 5224 1131 5280 credor
1145 5215 1239 5279 luins
1256 5215 1414 5280 Breriarii
1425 5216 1521 5300 pardo

636 5327 723 5409 iufra
746 5326 820 5389 laec
842 5324 947 5388 ludet:

698 5433 743 5498 Ut
768 5440 875 5496 autem
899 5432 991 5495 robis
1014 5429 1146 5494 uberlor
1168 5430 1400 5516 allegationum
1417 5437 1449 5493 et
1467 5430 1519 5514 ju·

636 5543 793 5606 diciorum
814 5541 906 5625 copia
923 5546 1114 5625 preparetur
1130 5537 1171 5602 ad
1186 5539 1341 5603 honorem
1357 5538 1429 5619 Dei,
1447 5559 1520 5601 san·

636 5658 751 5735 ctequc
771 5648 918 5712 Romane
934 5646 1079 5710 Ecclesia
1104 5667 1141 5710 ac
1162 5645 1360 5710 studentium
1378 5647 1519 5728 utilitatI,

635 5779 696 5844 ego
720 5756 759 5820 Β.
776 5755 986 5841 Papiensium
1014 5753 1203 5839 Prepositus
1228 5753 1378 5838 exempla
1402 5753 1441 5816 de
1465 5775 1520 5818 ve-

634 5868 694 5932 teri
727 5885 875 5950 novoque
900 5865 974 5948 jure
998 5862 1058 5927 sub
1081 5862 1183 5926 titulis
1208 5862 1398 5948 compilavI,
1423 5883 1521 5948 super

634 5975 740 6063 operis
766 5972 1008 6060 imperfectione
1025 5970 1151 6034 veniam
1169 5969 1337 6054 postulans
1354 5970 1518 6035 electore.

701 6082 823 6147 Titulus
840 6083 966 6166 primus
998 6087 1057 6144 est:
1079 6077 1129 6142 De
1166 6077 1456 6143 Constitutiouibus
1487 6085 1520 6142 et

634 6191 778 6257 Concilio
802 6187 977 6270 meldensi;
993 6193 1186 6274 postremus:
1209 6185 1259 6250 Do
1283 6185 1405 6270 regulis
1425 6187 1518 6270 juris.

698 6299 758 6363 Sed
779 6300 845 6361 iam
868 6297 905 6360 de
928 6296 1027 6360 ultera
1047 6302 1137 6378 para
1159 6294 1254 6359 huius
1279 6293 1407 6376 Codicis,
1427 6315 1519 6378 quam

1395 646 1723 698 uouuumroaun
1831 631 1834 640 '

1590 802 1761 885 antiquiori
1778 823 1871 865 mmm
1889 804 2033 886 scriptam
2052 803 2234 886 iudicemus,
2250 806 2396 888 specimen
2416 807 2467 869 uli·

1593 909 1674 992 qnod
1695 909 1744 972 lric
1765 909 1983 973 adiiciendum.
2008 909 2138 974 Initium
2163 919 2205 974 cst
2226 911 2419 975 huiusmodi:

1653 1014 1770 1100 Incipit
1789 1014 1922 1079 Summa
1938 1016 2114 1081 secundum
2131 1018 2322 1103 magistrum
2335 1017 2466 1104 Syclrar·

1595 1120 1671 1184 dum
1695 1143 1934 1186 cremonensem
1959 1123 2154 1210 episcopum.

1654 1228 1741 1294 Haec
1763 1232 1859 1294 minio
1880 1233 1992 1315 scripto
2016 1233 2177 1316 leguntur:

1652 1336 1789 1421 Diligite
1812 1338 1982 1420 justitiam,
2005 1339 2059 1424 qui
2079 1338 2232 1422 judicatis
2256 1347 2385 1404 terram.
2410 1340 2465 1404 Pa·

1592 1465 1663 1508 rum
1687 1451 1736 1508 est
1757 1445 1811 1528 jus
1835 1467 1905 1510 esse
1929 1446 1962 1510 in
1987 1447 2127 1528 ciuitate,
2152 1447 2212 1511 uisi
2236 1448 2299 1510 siut
2325 1448 2465 1532 ministri,

1589 1572 1646 1638 per
1670 1573 1749 1638 quos
1774 1552 1939 1617 ordinetur
1963 1561 1994 1616 et
2019 1562 2218 1618 exerceatur.
2238 1554 2301 1618 Sed
2325 1564 2357 1620 et
2381 1557 2465 1621 mini·

1589 1667 1672 1722 stros
1697 1661 1778 1723 tales
1803 1682 1873 1724 esse
1898 1667 2023 1747 oportet
2048 1661 2080 1724 in
2105 1661 2234 1726 ciuitate
2254 1662 2397 1746 Domini,
2418 1666 2466 1750 qui

1588 1765 1726 1830 debeant
1745 1775 1852 1831 errata
1872 1769 2044 1853 corrigere,
2057 1769 2161 1832 sciant
2178 1771 2312 1854 negocia
2329 1769 2465 1855 definire,

1587 1881 1647 1938 etc.

1649 1982 1720 2056 Qua
1745 1983 1785 2046 sit
1809 1983 1955 2046 materia.

1651 2091 1788 2154 Materia
1813 2090 1962 2154 Gratiani
1983 2097 2057 2154 sunt
2073 2113 2223 2174 canones,
2241 2091 2382 2174 decreta,
2399 2115 2467 2157 con·

1587 2199 1779 2262 saltationes
1801 2206 1833 2263 et
1856 2198 1956 2264 rerba
1972 2207 2155 2263 sanctorum
2172 2200 2306 2264 Petrum
2331 2201 2397 2263 vim
2420 2223 2467 2265 ca·

1590 2327 1710 2370 nonum
1726 2307 1890 2371 habentia.
1909 2307 2049 2372 Intentio
2066 2309 2136 2392 ejus
2152 2309 2339 2394 priucipalis
2356 2308 2416 2373 hec
2438 2311 2467 2374 in

1589 2435 1689 2478 unum
1713 2415 1865 2500 colligere
1888 2423 1921 2479 et
1945 2436 2056 2480 eorum
2076 2415 2270 2480 discordiam
2286 2417 2327 2480 ad
2344 2437 2467 2481 concor·

1589 2521 1678 2585 diam
1704 2543 1866 2586 revocare.
1884 2523 2082 2587 Secundaria
2099 2531 2147 2586 est
2171 2525 2257 2589 siros
2281 2524 2468 2588 ecelesiasti-

1588 2650 1642 2693 cos
1666 2631 1808 2694 moribus
1832 2631 2016 2713 informare,
2039 2639 2071 2694 et
2095 2631 2125 2695 in
2150 2631 2311 2714 misteriis,
2329 2633 2467 2717 negociis

1588 2744 1620 2800 et
1652 2739 1861 2802 sacramentis
1889 2739 2057 2802 instruere.
2079 2738 2185 2803 Causa
2209 2739 2270 2802 fuit
2294 2739 2467 2804 desuetudo

1584 2845 1667 2928 juris
1701 2845 1865 2928 canonici,
1894 2853 2028 2909 uenerat
2051 2846 2136 2910 enim
2160 2847 2193 2909 in
2217 2845 2467 2931 desuetudinem,

1588 2959 1622 3014 ut
1648 2953 1866 3017 ecclesiastica
1890 2954 2024 3039 negocia
2047 2953 2154 3039 potius
2176 2953 2467 3036 cousuetudiuibus,

1589 3081 1686 3144 quam
1715 3059 1891 3124 canonibus
1916 3069 2115 3146 regerentur.
2139 3061 2359 3146 Distinguitur
2392 3060 2469 3124 liber

1589 3167 1648 3230 istc
1676 3169 1708 3230 in
1732 3177 1797 3231 tres
1821 3175 1940 3254 partes.
1964 3168 2074 3232 PrIma
2095 3176 2142 3232 est
2160 3189 2260 3253 usque
2277 3167 2318 3232 ad
2335 3168 2469 3254 primam

1588 3296 1730 3340 causam.
1768 3275 1918 3340 Secunda
1956 3297 2058 3362 usque
2098 3275 2138 3339 ad
2178 3275 2469 3340 Consecrationem.

1588 3383 1700 3446 Tertia
1724 3405 1825 3470 usque
1850 3383 1891 3447 ad
1913 3384 2020 3448 finem.
2037 3382 2182 3447 Primam
2205 3384 2324 3467 divisit,
2341 3397 2377 3447 ut
2403 3385 2468 3470 qui-

1587 3491 1661 3555 dam
1686 3493 1788 3575 ajunt,
1813 3491 2019 3578 Paucapalea
2043 3491 2074 3554 in
2100 3491 2135 3555 C.
2153 3499 2184 3555 et
2204 3493 2230 3555 l.
2248 3491 2468 3556 distinctiones

1586 3600 1761 3664 secundam
1794 3600 1969 3664 Gratianus
1999 3600 2031 3663 in
2062 3599 2220 3664 XXXVI.
2245 3621 2359 3664 causas
2385 3623 2467 3682 ...3

1586 3708 1716 3772 tertiam
1746 3729 1890 3794 quoque,
1916 3715 1951 3771 ut
1983 3709 2091 3792 ajunt,
2123 3707 2330 3794 Paucapalea
2362 3708 2397 3771 in
2429 3707 2467 3771 V.

1586 3815 1806 3880 distinctiones
1827 3815 1944 3880 divisit.
1971 3814 2035 3880 Sed
2056 3816 2199 3900 quisquis
2223 3816 2284 3879 luit
2307 3816 2373 3896 ille,
2400 3837 2467 3878 meo

1582 3923 1705 4008 judieIo
1730 3924 1834 3986 minus
1857 3924 2051 3986 sufficienter
2071 3931 2102 3986 et
2118 3923 2270 4005 discrete,
2288 3932 2322 3986 ut
2339 3923 2467 3987 eviden-

1585 4037 1634 4094 ter
1658 4040 1794 4117 apparet
1821 4032 1853 4094 iu
1886 4031 2144 4095 distiuctionibus
2167 4030 2226 4095 IV.
2251 4039 2283 4094 et
2305 4030 2415 4094 XXV.
2438 4041 2468 4094 et

1587 4139 1745 4203 XLVIII.
1763 4146 1794 4202 ct
1819 4139 1964 4226 pluribus
1989 4139 2071 4203 aliis.
2093 4139 2198 4203 Causa
2216 4139 2383 4203 dirisIonis
2400 4139 2467 4220 luit,

1584 4255 1620 4310 ut
1636 4247 1800 4311 fastidium
1817 4247 1994 4312 tolleretur.
2012 4246 2092 4310 Inde
2115 4246 2247 4311 inolevit
2270 4246 2468 4310 consuetudo

1584 4361 1620 4418 ut
1643 4355 1747 4441 prima
1771 4377 1845 4442 pars
1867 4355 1992 4418 dicatur
2012 4355 2238 4429 llistinctiones,
2260 4355 2343 4419 sicut
2367 4356 2400 4419 in
2425 4355 2467 4418 le-

1583 4463 1679 4548 gibus
1703 4471 1768 4526 trcs
1800 4470 1926 4548 partes,
1952 4462 2093 4526 secunda
2126 4461 2233 4528 Cause.
2261 4461 2304 4526 Et
2331 4463 2468 4548 primam

1584 4571 1714 4655 quidem
1744 4571 1919 4634 Gratianus
1943 4571 2147 4652 ministeriis,
2172 4571 2346 4634 secundam
2372 4591 2467 4656 nego·

1585 4679 1653 4760 ciis,
1671 4679 1802 4741 tertiam'
1822 4699 1899 4742 vero
1924 4678 2056 4763 deputat
2073 4678 2292 4742 sacramentis.
2310 4678 2392 4742 Inde
2411 4685 2466 4758 est,

1585 4785 1670 4872 quod
1703 4786 1840 4871 primam
1869 4793 1962 4849 rocat
1993 4793 2166 4850 tractatum
2198 4785 2468 4866 ordinandorum,

1584 4893 1715 4956 tertiam
1739 4914 1815 4957 vero
1839 4899 2012 4957 tractatum
2037 4893 2296 4958 consecrationis.

1648 5001 1715 5064 Nos
1740 5022 1877 5086 quoque,
1902 5001 1977 5064 licet
1999 5000 2133 5064 selentia
2160 5006 2284 5081 tenues,
2309 5001 2468 5064 seclorum

1584 5115 1696 5172 tamen
1719 5108 1892 5172 utilitatem
1915 5108 2053 5172 ferventi
2084 5107 2191 5172 animo
2219 5108 2387 5193 cupientes
2412 5107 2467 5170 ali·

1584 5217 1661 5302 quid
1678 5218 1711 5280 iu
1732 5216 1954 5302 gazophilacio
1971 5237 2044 5280 cum
2059 5216 2158 5280 vidua
2173 5216 2332 5302 ponimus,
2346 5223 2380 5279 et
2397 5234 2468 5300 pra·

1585 5331 1653 5387 tum
1679 5323 1828 5388 Gratiani
1852 5323 2014 5405 diffusum,
2034 5324 2123 5386 velut
2146 5323 2302 5386 inscrtum
2326 5323 2468 5408 compin-

1586 5432 1703 5517 gimus,
1721 5433 1855 5517 ejusque
1879 5431 2015 5517 pelagus
2039 5430 2080 5494 ad
2100 5431 2275 5516 potabilem
2291 5430 2400 5493 rivum
2415 5429 2468 5491 de·

1586 5539 1742 5602 ducimus.
1767 5538 1881 5602 Celum
1911 5544 2019 5600 tamen
2052 5537 2215 5622 ejusdem,
2240 5537 2321 5600 sicut
2349 5536 2468 5622 pellem

1586 5647 1806 5727 extendimus,
1831 5653 1867 5710 ut
1898 5647 1968 5730 ejus
1992 5651 2118 5710 noctem
2155 5644 2256 5708 stellis
2291 5644 2468 5707 dictionum

1584 5755 1789 5839 aliquatenus
1814 5753 2020 5836 illustremus,
2037 5773 2117 5838 quas
2138 5751 2256 5838 partim
2273 5772 2292 5815 a
2309 5750 2469 5815 Gratiano

1584 5863 1655 5948 ipso
1671 5863 1862 5948 accepimus,
1876 5861 1994 5947 partim
2007 5859 2046 5924 de
2063 5860 2189 5947 scriptis
2206 5859 2239 5922 in
2254 5859 2316 5923 hac
2333 5859 2469 5924 scientia

1583 5972 1759 6057 peritorum
1777 5971 1977 6056 suscipImus,
1994 5969 2113 6055 partim
2136 5991 2155 6032 a
2178 5969 2324 6056 patribus
2349 5967 2468 6032 nostris

1585 6078 1786 6159 audivimus,
1811 6077 1929 6163 partim
1961 6077 2115 6140 nonnulla
2139 6097 2181 6140 ex
2205 6084 2315 6140 nostra
2339 6095 2468 6161 quoque

1585 6185 1711 6250 officina
1734 6185 1959 6270 producimus,
1984 6204 2043 6246 nec
2065 6205 2142 6248 vero
2164 6185 2192 6247 si
2207 6183 2392 6269 aliquorum
2409 6183 2469 6244 lin·

1584 6313 1650 6379 gua
1673 6293 1797 6378 pruriat
1822 6298 1878 6356 aut
1897 6291 2030 6354 livescat
2047 6291 2179 6372 invidia,
2196 6290 2273 6355 dum
2292 6291 2468 6354 multorum

697 6532 736 6596 (1)
756 6529 821 6581 (lod.
842 6530 870 6580 in
896 6527 1056 6579 membrana
1081 6527 1109 6578 in
1133 6526 1181 6577 sol.
1201 6525 1293 6575 Prima
1312 6540 1375 6592 pars
1394 6524 1535 6576 saeculum
1556 6523 1636 6576 XIII.
1657 6538 1710 6574 non
1731 6522 1877 6586 antecedit,
1897 6523 1983 6573 altera
2002 6539 2065 6574 rero
2091 6523 2173 6590 paulo
2197 6521 2333 6590 antiquior
2353 6519 2470 6571 ridetur.
