5544 7750
1023 667 1105 717 rus.
1137 667 1208 717 crv.
1239 667 1286 716 er
1316 665 1400 716 cna.
1430 666 1537 716 Paos.
2107 642 2181 713 349

477 825 526 898 II.
559 824 743 898 MOCCX.
775 823 875 894 Inter
912 847 972 896 eos
1005 824 1065 921 qui
1100 821 1315 896 cardinalem
1352 822 1566 918 Pelagruam
1599 821 1848 916 decedentem,
1878 821 2021 894 honoris
2060 844 2186 893 caussa

370 951 529 1023 comitati
558 958 651 1044 sunt,
672 949 740 1021 fuit
763 949 1007 1042 Macaguanus
1037 948 1079 1020 dc
1109 947 1335 1044 Azzoguidis.
1366 946 1455 1019 Cum
1484 957 1602 1019 autem
1632 945 1680 1018 ibi
1709 971 1822 1042 neque
1852 955 1954 1043 pater
1981 945 2085 1018 huius
2104 945 2184 1018 Ma-

370 1075 522 1171 oagnani
549 1075 761 1167 nominetur,
792 1098 906 1169 neque
935 1074 1009 1170 ipse
1037 1073 1153 1146 doctor
1182 1072 1330 1167 dicatur,
1363 1071 1487 1144 merito
1516 1081 1633 1169 potest
1660 1070 1825 1166 dubitari,
1846 1078 1965 1143 utrum
1995 1070 2038 1143 de
2067 1071 2117 1166 I.,
2138 1097 2184 1144 an

371 1200 414 1273 de
443 1200 491 1273 II.
513 1224 628 1272 sermo
657 1199 713 1272 sit.
745 1196 1008 1292 Ghirardatius,
1038 1205 1063 1269 t.
1085 1197 1136 1293 I.,
1159 1222 1239 1294 pag.
1263 1201 1350 1291 545,
1376 1195 1546 1269 honorem
1574 1194 1669 1267 hunc
1697 1195 1921 1290 Macagnano
1948 1195 1997 1268 II.
2028 1197 2184 1270 tribuere

371 1325 531 1421 videtur,
563 1350 644 1397 nam
674 1325 741 1398 etsi
769 1324 804 1396 in
834 1348 981 1421 corpore
1010 1323 1178 1396 historiae
1208 1323 1473 1420 dfaoopnonunr
1502 1321 1544 1393 de
1572 1321 1788 1418 Aeropuido's
1815 1321 2022 1418 simpliciter
2040 1322 2185 1418 scribat,

369 1451 423 1522 uti
450 1451 566 1548 reipsa
595 1451 631 1521 in
660 1459 781 1522 nostro
810 1448 1014 1522 authentico
1043 1449 1254 1520 documento
1284 1447 1455 1544 scriptum
1484 1455 1549 1541 est,
1569 1454 1690 1518 tamen
1716 1446 1751 1518 in
1777 1445 1891 1518 iudice
1912 1447 1976 1518 sub
1995 1446 2062 1520 hoo
2082 1447 2185 1520 titulo

370 1575 617 1673 Mocopauaus
649 1573 813 1672 Grcport'r'
841 1575 883 1646 do
910 1573 1145 1669 Azaopuidis,
1173 1573 1343 1646 honorem
1380 1573 1486 1644 istum
1524 1579 1694 1667 tanquam
1724 1571 1769 1644 ad
1801 1571 1916 1668 ipsum
1950 1572 2187 1668 pertinentem

371 1701 481 1796 ponit.

477 1825 544 1897 III.
575 1823 798 1918 MCCCXL,
819 1847 939 1896 mense
969 1821 1107 1896 martio.
1140 1820 1229 1894 Cum
1258 1820 1436 1893 Henricus
1464 1821 1657 1917 imperator
1685 1821 1720 1892 in
1748 1819 1855 1893 Italia
1877 1831 2093 1920 versaretur,
2114 1824 2185 1898 Bo-

369 1950 556 2023 nonicnses
586 1957 773 2046 postquam
803 1947 920 2021 omnia
945 1972 1009 2020 sua
1037 1945 1182 2020 castella
1212 1945 1278 2018 rite
1298 1945 1513 2040 munierunt,
1534 1945 1670 2040 legatos
1690 1955 1763 2018 tres
1783 1946 1828 2018 ad
1848 1970 1968 2042 regem
1987 1947 2187 2021 Robertum

370 2075 553 2169 miserunt,
584 2074 643 2170 qui
672 2074 785 2146 eidem
814 2073 910 2145 urbis
939 2073 1202 2169 praefecturam
1230 2070 1410 2144 offerrent.
1439 2069 1523 2166 Ille,
1546 2069 1692 2143 laudata
1720 2071 1855 2168 optima
1888 2096 1973 2167 erga
2001 2097 2038 2144 se
2066 2072 2185 2147 Bono-

370 2200 543 2273 niensium
572 2197 769 2293 voluntate,
792 2197 1051 2295 praefecturam
1080 2206 1211 2291 tamen,
1237 2195 1456 2291 gravissimis
1484 2194 1561 2268 aliis
1588 2195 1739 2291 negotiis
1768 2205 1973 2293 occupatus,
1993 2199 2183 2272 recusavit.

369 2325 529 2397 Fuerunt
557 2323 666 2419 legati
694 2323 937 2417 hlacagnanus
962 2322 1004 2395 de
1034 2321 1250 2417 Azaoguidis
1279 2321 1392 2418 lepram
1412 2320 1538 2416 doctor,
1556 2320 1742 2417 Bonapars
1762 2321 1911 2394 Ioannis
1931 2322 1974 2394 de
1994 2321 2186 2396 Ulmedula

370 2457 406 2523 et
434 2450 617 2522 Rolandus
647 2447 815 2521 Oasottus
831 2444 881 2520 (¹).
911 2447 1002 2520 Rem
1030 2447 1133 2540 hanc,
1157 2447 1200 2519 ob
1229 2471 1271 2519 ea
1301 2470 1391 2542 quac
1420 2469 1528 2542 supra
1556 2446 1630 2518 dixi
1657 2447 1677 2540 ξ
1705 2445 1748 2541 I.,
1770 2447 1814 2519 ad
1842 2445 2105 2542 Maraguauum
2134 2448 2183 2523 II.

370 2574 548 2671 pertinere
578 2583 675 2668 puto.

477 2697 543 2770 IV.
572 2695 814 2790 MOOOXII,
844 2695 912 2768 III.
944 2696 1108 2769 octobris.
1138 2694 1329 2790 Eliguntur
1357 2695 1542 2792 Sapientes
1569 2696 1680 2791 XX.,
1708 2697 1835 2791 quibus
1863 2720 1935 2769 una
1964 2721 2043 2770 cum
2072 2699 2184 2794 magi-

370 2823 541 2896 stratibus
569 2821 750 2917 negotium
779 2821 884 2893 datur
912 2821 1150 2894 constituendi
1178 2822 1348 2918 quidquid
1376 2821 1543 2918 expedire
1572 2820 1806 2892 iudicaverint
1835 2845 1898 2919 pro
1933 2823 2185 2920 recuperandis

370 2947 472 3020 bonis
501 2946 707 3019 Communis
734 2944 929 3042 Bononiae,
955 2944 1151 3040 colligenda
1180 2946 1342 3042 pecunia,
1372 2945 1570 3018 reficiendis
1598 2944 1789 3041 fortalitiis,
1819 2944 1988 3019 solvendo
2017 2946 2187 3022 militibus

370 3072 546 3171 stipendio
576 3071 759 3145 occasione
788 3071 883 3143 vitae
912 3079 947 3143 et
976 3093 1161 3167 processus
1190 3071 1284 3164 regis
1311 3070 1554 3144 Romanorum
1583 3069 1727 3166 eiusque
1761 3071 1966 3166 sequacium
2003 3072 2187 3146 rebellium

371 3207 517 3270 sauctae
546 3220 714 3269 romanae
742 3194 947 3268 Ecclesiae:

1119 3319 1176 3392 Ea
1204 3319 1298 3392 triba
1330 3321 1435 3393 Piero

879 3446 1125 3541 Macagnanus
1153 3443 1196 3516 de
1225 3447 1453 3542 hazoguidis,
1483 3445 1600 3541 legum
1630 3447 1765 3541 doctor,

878 3571 1090 3644 Francisous
1119 3573 1162 3644 de
1190 3571 1313 3667 Getta,
1344 3572 1462 3644 iudex.

1178 3697 1236 3770 Ea
1266 3697 1384 3770 Sticro

880 3824 1060 3896 Romaeus
1087 3823 1256 3922 Populus.

1175 3949 1391 4047 Roocpaaao

878 4075 1008 4146 Petrus

880 4199 1026 4295 Eganus

879 4324 1104 4398 Gozzadinus
1133 4325 1176 4396 de
1205 4323 1429 4397 Gozzadinis.

476 4452 595 4524 Etiam
624 4450 710 4523 haec
740 4451 785 4522 ad
814 4451 1076 4545 Macagnanum
1105 4450 1153 4523 II.
1184 4449 1338 4522 arbitror
1366 4448 1555 4546 pertinere,
1585 4472 1667 4520 nam
1697 4449 1826 4521 dicitur
1854 4447 2043 4522 doctor(²).

476 4576 565 4648 Cum
594 4576 773 4648 Heuricus
805 4576 887 4649 VII.
920 4584 999 4672 post
1027 4584 1209 4672 acceptam
1239 4575 1375 4646 Romae
1405 4597 1570 4646 coronam
1599 4573 1757 4670 Imperii,
1787 4599 1809 4646 a
1838 4574 1997 4671 profugis
2025 4575 2186 4649 Etruscis

368 4705 561 4776 accersitus
580 4702 798 4775 Florentiam
819 4703 1008 4798 obsideret,
1030 4702 1116 4774 socii
1144 4726 1264 4774 omnes
1292 4701 1580 4774 florentinorum
1600 4699 1733 4773 auxilia
1761 4699 1847 4798 ipsis
1872 4700 2043 4773 miserunt
2063 4710 2188 4775 contra

368 4827 584 4924 chricum,
615 4828 823 4900 nominatim
853 4852 936 4899 vcro
965 4827 1207 4901 Bononienses
1235 4827 1372 4923 equites
1401 4824 1476 4899 CD.
1507 4833 1542 4899 ct
1569 4825 1707 4923 pedites
1734 4824 1784 4897 M.
1802 4822 1841 4886 (³)
1864 4825 1931 4897 His
1959 4825 2069 4920 igitur
2096 4825 2187 4897 mili-

368 4953 463 5027 tibus
491 4962 530 5025 ut
559 4953 748 5026 satisfieret
776 4953 906 5026 electos
935 4953 1089 5026 arbitror
1117 4953 1303 5049 Sapientes
1331 4952 1374 5024 de
1403 4951 1530 5048 quibus
1557 4951 1593 5022 in
1621 4950 1689 5024 hoo
1718 4951 1963 5024 instrumento.

476 5078 523 5152 V.
555 5076 793 5173 MOCCXV.,
815 5078 998 5150 XXVIII.
1030 5078 1195 5150 octobris.
1225 5076 1372 5172 Eligunt
1399 5077 1554 5149 Anniani
1588 5075 1782 5148 Consilium
1822 5076 2030 5174 Sapientum
2062 5077 2127 5172 L.,
2152 5085 2188 5152 ct

371 5202 585 5301 Capitoneos
616 5227 745 5298 magno
775 5228 932 5276 numero.
963 5203 1006 5274 In
1040 5202 1095 5274 his
1134 5203 1322 5299 postremis
1359 5201 1427 5274 fuit
1462 5202 1707 5297 Macagnanus
1745 5202 1990 5298 Azzoguidus:
2020 5202 2079 5300 qui
2108 5227 2188 5276 cum

369 5328 493 5402 doctor
521 5353 591 5400 non
620 5328 771 5402 dicatur.
801 5328 953 5400 fortasse
982 5327 1049 5399 fuit
1077 5327 1107 5400 I.
1124 5325 1163 5388 (⁴)

480 5451 543 5524 VI.
574 5450 839 5545 MCCCXXI.,
861 5452 929 5524 IX.
955 5452 1120 5524 octobris.
1152 5450 1375 5546 Macagnano
1404 5451 1527 5523 datum
1551 5451 1733 5546 negotium
1753 5476 1774 5523 a
1792 5451 2075 5525 Bononiensibus
2095 5476 2188 5525 com·

369 5576 554 5675 ponendae
574 5576 644 5649 litis
661 5575 711 5672 (5),
734 5602 823 5674 quae
845 5601 907 5674 pro
927 5575 1128 5673 represaliis
1156 5584 1236 5648 orta
1264 5585 1341 5649 erat
1369 5577 1462 5648 inter
1489 5576 1583 5673 ipsos
1612 5585 1647 5648 et
1676 5576 1846 5671 Venetos,
1867 5583 1903 5648 et
1931 5577 2095 5675 princeps
2121 5577 2189 5649 fuit

368 5702 555 5797 legationis
584 5702 629 5775 ad
658 5702 753 5799 ipsos
783 5703 941 5774 Venetos
970 5726 1033 5798 pro
1062 5702 1216 5776 ineunda
1245 5702 1433 5775 concordia
1460 5709 1499 5773 ut
1528 5710 1667 5774 constat
1696 5727 1741 5774 ex
1773 5702 1851 5776 Lib.
1883 5702 1964 5796 Bes.
1981 5699 2021 5763 (θ)

1095 4137 1138 4209 de
1167 4136 1417 4231 Lambertinis,

449 6037 488 6103 (l)
509 6037 727 6100 Ghirsradcoius,
748 6041 766 6087 t.
788 6037 820 6101 1,
839 6053 901 6104 pag.
916 6040 977 6102 552,
996 6053 1031 6088 ex
1050 6037 1110 6088 Lib.
1125 6037 1202 6089 Prou.
1222 6039 1250 6102 †,
1306 6037 1374 6102 lisia,
1387 6038 1433 6089 ubi
1452 6039 1662 6090 instrumentum
1676 6037 1812 6103 inseritur,
1826 6037 1897 6107 quod
1915 6041 2069 6089 extractum
2089 6037 2188 6089 dicitur

369 6125 416 6178 fol.
438 6130 470 6178 12
490 6131 518 6179 at
539 6131 579 6179 14.
1308 6144 1342 6180 ex
1361 6127 1447 6179 Lr'bro
1464 6127 1524 6193 Res.
1544 6129 1572 6194 †,
1592 6128 1639 6179 fol.
1659 6131 1702 6192 25,
1722 6131 1764 6180 2ἵ.

448 6217 488 6280 (2)
509 6215 579 6268 Vide
599 6233 668 6284 sup,
687 6217 701 6282 ξ
722 6216 743 6268 Ι.
1389 6219 1427 6283 (5)
1448 6218 1478 6269 In
1505 6217 1554 6270 Vit.
1575 6219 1768 6284 Azzopuidora,
1788 6217 1802 6283 5
1822 6217 1859 6269 ΙΙ.

449 6307 488 6372 (3)
508 6306 608 6358 Joann.
622 6306 734 6370 Villani,
754 6307 864 6359 nb.1x.
885 6307 1111 6375 Ghirordsccius,
1130 6313 1194 6360 tom.
1215 6309 1251 6372 1.‚
1385 6309 1424 6373 (6)
1446 6325 1460 6357 c
1480 6345 1487 6359 .
1507 6345 1514 6358 .
1535 6347 1541 6358 .
1561 6308 1626 6359 Item
1641 6309 1758 6358 dominis
1771 6306 2004 6373 Machoqnanode
2017 6306 2189 6372 Arzopufdis,

370 6412 432 6464 pag.
452 6399 513 6448 559.
1305 6397 1407 6450 doctori
1430 6397 1533 6464 lapara,
1551 6399 1660 6450 domino
1679 6397 1779 6448 Blasio
1798 6395 2005 6462 Morrpboroclra
2033 6403 2057 6448 et
2083 6397 2192 6448 domino

449 6485 489 6550 (4)
510 6484 650 6553 libii-ard,
668 6491 687 6538 t.
702 6485 737 6552 1..
756 6487 783 6538 in
803 6487 897 6539 Indice
912 6487 994 6540 verbo
1008 6487 1132 6539 Pollione
1147 6487 1254 6539 Ghr'bel-
1309 6487 1386 6539 Petro
1405 6487 1578 6539 Montanarr'i
1595 6486 1817 6540 arrrborotoru'bus
1836 6486 1992 6538 Conrmunfs
2010 6485 2129 6539 Bononia
2146 6489 2190 6539 de·
