5492 7750
613 571 660 642 42
810 571 815 580 '
1401 591 1641 643 unumunurn

608 746 766 811 bonorum
796 767 944 830 suarum,
968 747 1149 833 precipiens
1180 747 1254 811 filiis
1285 747 1372 832 quod
1396 769 1469 812 eam
1492 749 1631 813 debeant
1662 749 1813 813 revereri.
1837 749 1956 814 Dotem
1980 771 2072 814 suam
2100 750 2129 814 ιι
2161 751 2297 816 solidam
2328 753 2429 818 soluit

609 853 752 936 restitui,
777 860 809 917 et
832 854 923 918 illam
943 853 1053 941 elapso
1079 875 1182 937 anno,
1207 863 1240 919 et
1268 855 1399 941 insuper
1429 855 1468 919 de
1492 877 1550 920 suo
1574 855 1604 920 ei
1629 854 1751 941 legavit
1774 863 1903 921 centum
1925 857 2041 940 libras,
2065 879 2145 943 quas
2170 858 2287 923 debeat
2308 860 2428 926 habere

609 961 809 1026 solummodo
827 982 899 1024 cum
920 960 1009 1024 exire
1034 961 1174 1025 voluerit
1197 961 1237 1025 de
1260 961 1373 1045 dom03
1398 961 1425 1026 si
1449 963 1582 1027 comode
1606 985 1669 1028 nou
1694 971 1803 1049 posset
1825 963 1973 1028 habitare
1998 985 2071 1028 cum
2096 963 2178 1048 filiis,
2195 966 2316 1030 habeat
2338 967 2428 1032 habi·

610 1067 776 1150 tationem,
794 1067 994 1132 solummodo
1011 1090 1070 1154 pro
1087 1090 1132 1151 se,
1149 1068 1280 1132 domum
1296 1091 1394 1154 quarn
1409 1069 1477 1156 ipse
1494 1069 1655 1134 inhabitat
1675 1078 1708 1134 et
1731 1071 1796 1134 elia
1817 1071 1998 1135 necessaria
2015 1071 2097 1136 bene
2114 1079 2145 1135 et
2161 1072 2329 1157 docenter3
2346 1074 2429 1138 filios

609 1197 684 1238 suos
708 1175 810 1239 valuit
833 1195 903 1239 esse
927 1175 960 1239 in
984 1181 1145 1262 potestate
1169 1182 1202 1239 et
1224 1175 1360 1240 tuitione
1384 1176 1493 1240 fratris
1517 1177 1567 1240 sui
1597 1177 1718 1242 domiui
1749 1177 1888 1242 Zaliani.
1913 1177 2030 1242 Filiam
2054 1199 2146 1242 suam
2174 1179 2376 1265 Johaunam,
2401 1183 2428 1246 si

608 1282 792 1367 perveniret
816 1281 857 1346 ad
880 1282 1024 1347 nobilem
1047 1289 1184 1366 etatem,
1209 1283 1250 1346 sit
1273 1283 1307 1346 in
1330 1289 1490 1368 potestate
1513 1291 1545 1347 et
1574 1283 1783 1370 dispositione
1814 1284 1935 1349 domini
1964 1285 2103 1369 Zuliani,
2127 1292 2253 1351 tantum
2285 1287 2428 1354 latiendo

607 1396 716 1454 tamen
741 1389 781 1453 de
805 1411 844 1453 ea
868 1411 941 1454 cnm
964 1391 1116 1455 conscilio
1141 1390 1263 1454 domini
1286 1390 1490 1474 Thomasini3
1511 1391 1538 1454 si
1562 1392 1763 1477 contingeret
1787 1391 1872 1478 quad
1896 1393 2044 1458 dominus
2068 1393 2223 1458 Zulianus
2247 1416 2311 1460 uon
2334 1418 2428 1482 supc-

607 1505 719 1580 resset,
736 1505 813 1562 tuuc
829 1498 899 1561 vult
922 1518 995 1561 eam
1018 1519 1088 1562 esse
1112 1498 1145 1561 in
1169 1498 1378 1585 dispositione
1402 1498 1523 1562 domini
1547 1498 1745 1582 Thomasini,
1763 1521 1835 1563 curn
1860 1499 2019 1584 amnibus,
2037 1521 2098 1586 que
2120 1522 2192 1565 eam
2216 1503 2426 1588 contigerant.

609 1604 777 1668 Predictas
810 1604 1028 1669 institutiones
1060 1613 1092 1668 et
1123 1604 1368 1670 substitutiones
1399 1611 1431 1670 et
1462 1605 1681 1669 restitutiones
1712 1627 1823 1670 omnes
1854 1606 1957 1671 ιοιιιιι
1986 1615 2019 1671 ιι
2046 1608 2127 1691 jusit
2158 1629 2228 1672 esse
2255 1609 2363 1673 firmas
2397 1617 2428 1674 ot

607 1711 733 1776 validas
757 1711 958 1799 pupilariter,
983 1712 1039 1776 ubi
1062 1711 1160 1776 habet
1187 1712 1311 1794 locum,
1335 1711 1514 1797 vulgariter
1537 1718 1569 1776 ιι
1593 1734 1651 1798 per
1673 1712 1749 1777 fidei
1776 1713 1948 1778 comissum
1971 1721 2003 1778 et
2026 1736 2084 1800 per
2108 1716 2347 1802 compendium,
2372 1717 2428 1782 ubi

608 1819 670 1884 sibi
699 1820 806 1884 locum
828 1819 1021 1902 vendicant,
1046 1828 1077 1885 et
1108 1841 1166 1906 per
1197 1841 1324 1884 omnem
1355 1820 1455 1883 alium
1486 1819 1616 1884 modum
1644 1841 1821 1906 perquem
1845 1821 1958 1886 melius
1982 1822 2127 1908 predicta
2150 1823 2259 1887 valere
2283 1831 2426 1910 possunt.

608 1927 702 1992 Alias
726 1927 867 1992 minores
890 1927 1115 2013 dispositiones
1140 1927 1172 1990 in
1196 1927 1323 2012 prelato
1347 1927 1494 1991 codicillo
1516 1928 1585 2011 jam
1608 1926 1796 2010 declaravit,
1822 1927 1907 2013 quod
1930 1928 1981 1993 hic
2005 1930 2140 2016 repetite
2164 1930 2341 1995 confirmat.

696 2035 769 2120 Ego
792 2034 973 2100 Petrizolus
996 2035 1157 2100 Johannis
1181 2034 1337 2116 Tuscani,
1355 2035 1546 2099 auctoritate
1570 2035 1730 2121 imperiali
1754 2035 1909 2117 notarius,
1934 2035 2085 2100 mandato
2110 2037 2187 2101 dicti
2209 2039 2372 2103 testatoris
2396 2046 2428 2103 at

608 2149 741 2229 rogatus
766 2143 916 2224 scribere,
941 2142 1071 2228 scripsi,
1096 2149 1130 2206 ιι
1152 2141 1251 2205 ιιιιιιι
1275 2141 1472 2206 interliniari
1495 2163 1533 2225 a,
1557 2163 1584 2225 o,
1608 2163 1693 2226 eane,
1717 2147 1748 2206 et
1770 2139 2002 2226 [t›·a]c[t]atia,
2019 2145 2083 2208 cult
2106 2165 2180 2227 esee,
2204 2145 2373 2229 decederet,
2397 2153 2429 2210 ot

608 2250 806 2314 interliniasi
829 2250 927 2314 etiam
944 2248 1145 2335 praemeritus.

785 2357 844 2440 [A
867 2354 988 2442 tergm]

696 2463 941 2528 Testamentum
965 2464 1067 2550 patris
1092 2464 1221 2528 domine
1245 2464 1397 2528 dohanas
1421 2463 1544 2528 domini
1567 2463 1736 2528 llusaroli.

1449 2750 1592 2814 XXVII.

1340 2929 1437 3010 1252,
1461 2928 1504 2990 24
1528 2927 1701 2992 ‹leceradria

652 3125 705 3190 Ex
729 3125 859 3190 archivo
884 3147 909 3188 s.
935 3124 1101 3188 Francisci
1125 3123 1269 3208 Bonan,
1295 3145 1380 3188 nunc
1404 3124 1436 3187 in
1461 3123 1637 3188 Tabulario
1661 3124 1750 3188 blan.
1774 3125 1983 3207 bononiensi,
2004 3129 2081 3188 sect.
2104 3149 2118 3182 ι
2144 3125 2381 3208 Demetriade»,

1280 3251 1366 3295 num.
1390 3213 1465 3326 db,
1490 3231 1546 3296 nn
1571 3232 1618 3314 c,
1643 3254 1675 3296 n.
1700 3235 1753 3296 aa.

695 3431 750 3512 (L.
768 3431 790 3512 ι
808 3430 855 3512 S.)
880 3429 919 3494 In
943 3429 1071 3494 nominc
1095 3428 1245 3511 Domini,
1271 3450 1378 3492 amen.
1400 3429 1497 3492 Anno
1529 3428 1675 3512 ejusdem
1705 3429 1876 3492 millesimo
1908 3429 2127 3492 ducentesimo
2158 3429 2427 3515 quinquagesimo

606 3538 758 3620 secundo,
776 3538 950 3602 indictione
974 3537 1110 3618 decima,
1127 3536 1178 3600 dic
1204 3544 1317 3600 octavo
1342 3543 1481 3600 exeunte
1505 3536 1679 3600 decembri.
1695 3536 1735 3600 In
1758 3536 1853 3600 domo
1876 3535 2015 3600 Abbatis
2038 3542 2070 3600 et
2093 3537 2281 3610 monasterii
2304 3558 2427 3601 nonan·

605 3645 726 3728 tulani,
753 3667 815 3730 que
847 3651 896 3708 ιιι
928 3645 960 3708 in
989 3644 1119 3708 civitate
1143 3643 1289 3708 Bouonic
1321 3643 1354 3706 in
1384 3643 1539 3728 parochia
1562 3643 1666 3708 sarrcti
1688 3643 1813 3728 deorgii
1837 3643 1876 3707 de
1899 3642 2036 3726 Pazale,
2060 3643 2263 3728 presentibus
2287 3643 2426 3730 dompno

608 3752 810 3835 Tranchedo,
832 3751 1011 3816 venerabili
1035 3751 1153 3815 abbate
1177 3750 1363 3816 monasterii
1387 3751 1491 3814 sancti
1513 3751 1673 3815 Johanuis
1696 3751 1892 3836 parmensis,
1918 3751 1973 3836 qui
1997 3771 2081 3814 nunc
2108 3757 2252 3814 moratur
2275 3771 2348 3814 cum
2371 3750 2427 3816 do·

607 3862 694 3926 mino
719 3859 849 3924 Abbate
873 3859 1095 3923 nonantulano
1119 3857 1346 3944 infrascripto,
1370 3865 1403 3922 ιι
1426 3857 1554 3922 domino
1585 3857 1750 3944 Rayuerio
1778 3857 1899 3922 domini
1928 3857 2127 3922 Bonacurxii
2150 3857 2189 3920 de
2222 3856 2426 3940 Scanabicis,

607 3975 639 4040 ιι
663 3967 792 4032 domino
817 3966 1003 4030 Guillielmo
1027 3965 1093 4029 filio
1117 3965 1239 4028 domini
1262 3964 1451 4048 Accharixij
1476 3965 1516 4028 de
1540 3964 1755 4047 Accharixiis,
1772 3972 1804 4027 et
1827 3964 1957 4028 domino
1980 3963 2163 4028 Albertatio
2188 3964 2345 4029 (luidonis
2368 3964 2426 4028 Al-

607 4076 691 4140 berti
716 4074 755 4138 de
780 4075 869 4138 curia
885 4074 988 4138 sancti
1004 4072 1177 4156 Arnbraxij
1206 4079 1238 4136 et
1253 4071 1368 4136 Rubeo
1385 4071 1424 4134 de
1442 4073 1571 4136 civitate
1587 4071 1704 4136 Parma
1722 4072 1761 4136 de
1777 4072 1981 4154 Fontanella,
1998 4079 2030 4135 et
2046 4071 2185 4158 dompno
2204 4072 2344 4155 Simone,
2361 4093 2427 4136 mo-

608 4204 689 4247 naco
714 4182 791 4245 dicti
815 4181 943 4245 abbatis
968 4179 1178 4262 Tranchredi,
1196 4186 1228 4243 et
1244 4179 1383 4264 dompno
1404 4179 1538 4262 Jacobs,
1556 4185 1587 4242 et
1604 4179 1743 4265 dompno
1760 4179 1892 4244 Tiberto
1909 4199 2043 4243 rnonaeo
2060 4179 2160 4265 ipsius
2182 4179 2379 4263 monasterij,
2397 4187 2429 4242 et

607 4290 735 4354 domino
759 4289 888 4352 Donato
911 4287 1091 4368 florentino,
1117 4287 1241 4350 notario
1265 4286 1404 4350 Abbatis
1429 4287 1649 4368 nonantulani,
1667 4294 1699 4350 ιι
1715 4285 1839 4351 Jaccbo
1862 4286 1902 4350 de
1926 4286 2056 4350 civitate
2079 4286 2193 4368 Rome,
2212 4286 2267 4371 qui
2283 4293 2427 4350 moratur

608 4419 681 4462 cum
705 4396 833 4460 domina
859 4393 1085 4480 Synenonrine,
1103 4395 1233 4458 doctore
1257 4393 1394 4478 Legum,
1412 4399 1510 4456 testes
1534 4393 1640 4478 rogati
1663 4402 1695 4457 et
1718 4394 1825 4457 vocati
1848 4393 1988 4456 luerunt.
2014 4399 2067 4470 (ιζ
2077 4393 2159 4458 Cum
2182 4391 2221 4456 lis
2246 4399 2278 4457 et
2300 4400 2427 4457 contro·

609 4503 715 4567 versia
737 4509 918 4567 verteretur
941 4501 1025 4564 inter
1048 4500 1213 4564 dominum
1237 4499 1413 4582 Oirsaoum,
1432 4499 1651 4564 venerabilem
1675 4501 1826 4564 abbatem
1846 4500 2033 4583 monasterij
2051 4499 2274 4583 nonantulanj,
2291 4505 2324 4563 et
2339 4499 2428 4564 dorn-

607 4633 707 4698 pnum
730 4610 902 4694 Pagaunm
925 4629 1096 4672 monacum
1112 4615 1144 4671 ιι
1163 4607 1332 4693 syndicum
1355 4607 1432 4671 dieti
1456 4607 1643 4691 monasterij
1668 4629 1709 4671 ex
1733 4629 1798 4670 una
1821 4613 1923 4693 parte,
1941 4613 1974 4670 ιι
1990 4606 2132 4671 Comana
2153 4627 2211 4670 seu
2226 4606 2428 4671 Universita·

608 4725 674 4783 tem
690 4716 793 4782 sancti
809 4715 831 4780 J
833 4715 970 4780 ohannis
986 4715 1019 4779 in
1034 4714 1215 4798 Perxixctj,
1233 4721 1265 4778 et
1281 4714 1482 4800 Ray-‘nerium
1498 4715 1536 4777 de
1553 4713 1717 4778 Albarelis
1741 4713 1910 4800 syndicum
1926 4713 2002 4777 dicti
2019 4713 2172 4778 Comanis
2189 4734 2231 4778 ex
2247 4713 2322 4797 alia,
2336 4714 2428 4797 cujus

607 4826 673 4889 litis
698 4831 729 4888 et
754 4821 971 4888 controversie
994 4829 1087 4886 tenor
1110 4821 1184 4886 talis
1208 4827 1272 4885 est:
1297 4821 1394 4886 Anno
1417 4820 1549 4885 Domini
1572 4821 1742 4886 millesimo
1773 4821 1991 4884 ducentesimo
2023 4820 2289 4906 quinquagesimo
2312 4821 2426 4906 primo,

608 4932 782 4997 indictione
806 4951 903 5014 nona,
920 4929 972 4993 die
997 4929 1187 4994 duodecimo
1210 4935 1350 4992 exeunte
1374 4927 1526 4992 setembri
1549 4928 1582 4992 in
1605 4928 1727 5014 palatio
1751 4927 1853 4992 reteri
1877 4927 2029 4993 Comunis
2049 4927 2207 5010 Bononia,
2224 4928 2428 5013 presentibus

608 5040 738 5105 domino
762 5038 899 5103 Alberto
924 5036 1130 5118 Cananimizi,
1155 5035 1285 5100 domino
1309 5035 1458 5100 Gabriele
1481 5035 1521 5099 de
1546 5035 1664 5100 Sancto
1687 5035 1796 5117 Petro,
1821 5035 1950 5100 domino
1974 5034 2204 5121 Paxipaupero
2228 5035 2357 5099 doctore
2382 5034 2427 5098 le·

607 5169 695 5234 gum,
713 5145 842 5212 domiuo
866 5144 1098 5210 Marchadante
1122 5144 1162 5207 de
1186 5143 1367 5228 bligaranc,
1384 5149 1416 5207 et
1433 5141 1565 5207 Vallino
1582 5142 1718 5225 notario,
1735 5143 1880 5206 testibus.
1895 5142 2106 5227 &implorat
2123 5141 2258 5206 offitium
2273 5149 2427 5224 vestrum,

608 5253 736 5318 domine
760 5251 979 5316 Bonincantre
1001 5249 1162 5335 judicail)
1179 5255 1211 5313 et
1234 5269 1377 5313 assessor
1401 5249 1521 5313 domini
1545 5248 1702 5333 Bonifatij
1726 5248 1766 5312 de
1788 5248 1872 5312 Salis
1895 5247 2072 5311 Potestatis
2095 5247 2252 5328 Bononia,
2270 5246 2428 5334 dompnus

607 5361 762 5446 Paganus
785 5358 962 5422 monachus
984 5365 1016 5422 ιι
1040 5357 1191 5443 syndicus
1207 5355 1346 5420 Abbatis
1370 5355 1558 5420 Monasterii
1581 5355 1803 5438 nonantulani,
1821 5361 1979 5439 quatenus
1995 5376 2038 5417 ex
2055 5359 2163 5418 vestro
2179 5354 2279 5418 offitio
2295 5353 2427 5418 interdi-

609 5476 696 5535 ctum
713 5469 821 5532 lacere
838 5465 983 5531 debeatis
997 5464 1134 5548 Camunj
1152 5463 1254 5528 sancti
1267 5462 1426 5528 lobannis
1443 5463 1475 5526 in
1491 5462 1670 5546 Perxixeti,
1682 5463 1736 5529 ιιι
1752 5461 1884 5549 syndico
1901 5461 2001 5548 ipsius
2014 5460 2166 5525 Comanis
2182 5461 2311 5526 nomine
2328 5461 2428 5547 ipsius

609 5576 772 5659 Comunis,
798 5581 833 5639 ιιι
856 5575 963 5660 ipsum
986 5573 1140 5654 Comune,
1165 5591 1221 5635 seu
1244 5570 1391 5634 homines
1415 5570 1515 5656 ipsius
1540 5569 1693 5634 Comanis
1715 5591 1780 5634 non
1804 5569 1943 5633 debeant
1965 5567 2179 5650 buschazare,
2195 5568 2248 5632 rel
2272 5573 2427 5654 sterpare,

609 5684 662 5748 ιιι
684 5683 844 5765 incidere,
869 5681 937 5744 sive
961 5679 1025 5762 uti,
1051 5678 1103 5743 ιιι
1133 5677 1223 5762 ligna
1254 5683 1442 5763 exsportare
1471 5677 1510 5741 de
1535 5677 1647 5760 terris,
1671 5683 1704 5740 ιι
1726 5675 1911 5741 nemoribus
1934 5674 2047 5760 positis
2070 5674 2156 5738 infra
2180 5674 2321 5739 confines
2344 5673 2427 5738 desi-

610 5799 726 5878 gnatos
750 5781 808 5879 per
831 5789 1000 5876 syndicum
1023 5787 1123 5874 ipsius
1147 5785 1286 5850 Abbatis
1319 5791 1350 5849 et
1381 5786 1579 5869 nronasterij,
1611 5786 1747 5869 scriptos
1777 5805 1876 5848 manu
1905 5783 2045 5848 Simonis
2068 5783 2236 5846 Bonacose
2259 5782 2427 5868 Raugonis

610 5899 737 5981 notarii,
756 5898 810 5983 qui
832 5896 1000 5960 laudatum
1024 5894 1085 5957 fuit
1108 5915 1166 5979 per
1188 5892 1352 5956 dominum
1375 5891 1559 5956 Johannem
1582 5891 1621 5955 de
1647 5891 1964 5975 Canora,arbitrun1
1987 5896 2019 5953 ιι
2040 5889 2266 5953 arbitratorem
2290 5889 2427 5953 electum

608 6009 692 6072 iuter
708 6005 851 6070 Comune
869 6003 973 6068 sancti
990 6002 1011 6067 J
1014 6001 1149 6066 ohannis
1173 6007 1206 6065 et
1229 5999 1350 6064 dietum
1373 5999 1614 6082 monasterium,
1632 5999 1737 6086 ipsum
1752 5998 1982 6062 monasterium
2002 6018 2065 6062 non
2090 6017 2160 6060 esse
2184 5996 2429 6081 inquietandum

608 6114 641 6178 in
664 6112 867 6200 possessione
895 6111 949 6174 rel
971 6108 1169 6196 proprietate
1193 6107 1291 6171 totius
1315 6107 1465 6190 nemoris,
1488 6106 1626 6192 paludis,
1652 6113 1736 6170 terre
1760 6105 1918 6188 aratoria,
1939 6104 2067 6169 vineata
2090 6103 2143 6167 ιιι
2166 6103 2292 6188 prative
2316 6123 2428 6187 qnam·

607 6220 804 6305 telc]umque
828 6218 901 6302 sint,
926 6217 979 6282 rel
1003 6216 1225 6280 invenirentur
1248 6214 1333 6278 infra
1356 6214 1491 6278 limitem
1515 6213 1554 6277 de
1579 6213 1696 6296 Oortis,
1718 6212 1774 6299 qui
1797 6218 1846 6276 est
1869 6233 1889 6276 a
1912 6232 2017 6294 mane,
2041 6217 2074 6275 et
2095 6210 2231 6274 limitem
2257 6210 2297 6274 de
2324 6209 2428 6274 Ponte

689 6453 727 6518 (ι)
749 6451 800 6502 sa.
