5492 7750
1367 615 1370 622 ,
1401 563 1639 615 MONUMEN'IA

1418 955 1425 966 ·
1471 931 1564 996 xlx.

1365 1147 1667 1229 emnam

914 1359 967 1424 Ex
989 1367 1075 1424 tomo
1099 1359 1258 1424 XXXVI.
1285 1358 1402 1424 Codicis
1425 1360 1624 1445 Diplomotioi
1647 1360 1859 1445 Bononiensis,
1882 1383 1969 1424 num.
1993 1359 2116 1424 LXIX.

695 1575 862 1640 Honorius
889 1574 1185 1639 1110111011110
1217 1573 1414 1638 subdiacono
1445 1581 1478 1638 et
1508 1575 1677 1662 capellano
1709 1583 1829 1640 nostro.
1853 1575 2073 1662 conquerenti
2103 1575 2179 1640 olim
2211 1575 2329 1640 dilecto
2359 1575 2426 1640 tilio

606 1683 708 1748 nubili
730 1684 800 1748 vire
824 1682 961 1747 Alberto
985 1681 1100 1746 comite
1124 1681 1164 1744 de
1187 1681 1360 1766 Mangone,
1383 1681 1468 1766 quod
1493 1681 1669 1746 Commune
1692 1681 1889 1747 bononiense
1913 1683 1946 1746 in
1970 1682 2186 1771 prejudicium
2210 1684 2281 1767 ejus
2304 1682 2425 1746 detinet

607 1796 749 1855 castrum
772 1790 863 1855 01111
895 1795 927 1852 11
950 1788 1066 1870 Β1111,
1091 1794 1123 1851 11
1147 1788 1286 1873 quedam
1317 1788 1381 1852 alia
1412 1796 1520 1852 castra
1542 1809 1615 1852 oum
1637 1789 1839 1875 pertinentiis
1864 1789 1948 1872 suis,
1973 1811 2035 1876 que
2067 1789 2152 1854 idem
2180 1811 2286 1854 comes
2310 1790 2425 1854 asserit

606 1919 677 1962 esse
701 1897 741 1961 de
765 1903 851 1960 terra
875 1895 1035 1961 comitisse
1060 1894 1237 1977 Metbildis,
1254 1902 1287 1958 et
1310 1894 1352 1959 ad
1375 1894 1517 1977 feudum,
1534 1895 1620 1980 quod
1643 1895 1728 1958 idem
1752 1917 1859 1960 comes
1883 1917 1902 1959 a
1923 1917 2057 1961 romana
2075 1903 2164 1961 tenet
2179 1895 2336 1979 Ecclesia,
2353 1917 2425 1983 per-

606 2005 727 2087 tinere,
752 2011 825 2091 post
855 2003 962 2068 uarias
994 2003 1105 2066 literas
1134 2023 1231 2088 super
1254 2001 1315 2066 hoo
1338 2022 1358 2065 a
1383 2001 1465 2066 Sede
1497 2002 1675 2088 apostoliea
1703 2002 1909 2088 impetratas,
1933 2003 2063 2068 demum
2087 2003 2271 2088 hujusmodi
2294 2023 2425 2067 causam

607 2112 823 2176 commisimus
848 2110 1026 2175 venerabili
1051 2110 1143 2174 fratri
1167 2116 1277 2174 nostro
1301 2109 1544 2196 archiepiscopo
1567 2110 1748 2174 florentine.
1764 2110 1877 2197 Nuper
1900 2110 1999 2196 igitur
2023 2111 2139 2175 comite
2155 2110 2225 2197 ipso
2251 2131 2289 2175 aa
2307 2110 2424 2176 dilecto

606 2219 672 2283 11110
698 2217 941 2305 Semlprebene]
965 2218 1096 2282 doctore
1120 2217 1256 2302 Legum,
1274 2224 1482 2303 procuratore
1506 2217 1583 2281 dicti
1607 2217 1804 2300 Communis,
1829 2225 1960 2304 propter
1982 2217 2043 2282 boc
2072 2217 2102 2281 iu
2129 2225 2239 2283 nostra
2262 2219 2425 2304 presentia

606 2325 799 2408 constitutis,
813 2324 898 2388 idem
915 2346 1022 2388 comes
1035 2323 1183 2388 exhibuit
1199 2323 1415 2409 depositiones
1429 2323 1641 2407 quorumdam
1658 2324 1798 2406 testium,
1812 2345 1891 2409 quos
1905 2345 2001 2410 super
2014 2323 2053 2388 iis
2069 2331 2235 2410 receperat
2246 2324 2426 2411 Episcopus

606 2431 798 2514 antedictus,
814 2437 928 2516 petens
952 2430 1169 2516 depositiones
1192 2429 1289 2514 ipsas,
1307 2449 1387 2514 quas
1412 2428 1497 2493 idem
1516 2429 1697 2516 Episcopus
1714 2429 1841 2493 clausas
1865 2429 1924 2493 sub
1948 2429 2056 2514 sigillo
2080 2450 2139 2494 suo
2162 2429 2426 2495 1011111111εωί-

607 2545 703 2622 serat,
726 2537 845 2624 aperiri
868 2537 953 2600 1111
978 2558 1076 2601 causa
1097 2539 1166 2621 jam
1190 2557 1248 2622 per
1271 2535 1519 2621 quadriennium
1541 2536 1575 2599 11
1599 2535 1814 2622 prejudicium
1837 2537 1907 2620 ejus
1931 2557 1989 2622 per
2013 2543 2044 2600 te
2064 2537 2132 2601 lata
2154 2538 2295 2624 procedi.
2311 2538 2426 2603 Dictus

605 2667 683 2710 uero
707 2651 897 2732 procurator
921 2666 959 2708 ae
983 2644 1118 2708 dilectus
1143 2644 1227 2706 filius
1250 2643 1405 2728 magister
1429 2643 1625 2726 Tancredus,
1643 2643 1851 2708 bononiensis
1871 2643 2128 2727 archidiaconus,
2145 2645 2355 2730 responderet
2370 2667 2428 2732 pro

606 2751 777 2817 Communi
801 2751 955 2838 predicto,
973 2757 1071 2815 testes
1095 2751 1182 2837 ipsos
1204 2756 1277 2836 post
1300 2750 1462 2834 legitimas
1487 2750 1722 2837 appellationes
1746 2772 1765 2814 a
1782 2750 1912 2814 Sindica
1929 2750 2007 2815 (11011
2023 2750 2210 2816 Communis
2226 2751 2268 2816 ad
2284 2759 2426 2817 nestram

606 2860 805 2924 audientiam
828 2859 1025 2943 interjectas,
1042 2858 1099 2922 lite
1123 2879 1187 2922 non
1210 2863 1391 2920 contestata
1414 2864 1446 2920 et
1470 2858 1568 2921 etiam
1592 2878 1656 2922 non
1679 2867 1827 2942 porrecto
1850 2858 1972 2940 libello,
1989 2857 2088 2922 fuisse
2112 2859 2153 2922 ab
2175 2859 2244 2944 ipso
2265 2859 2426 2946 Episcopo

606 2974 718 3034 101111
739 2967 822 3050 juris
847 2965 993 3031 ordinem
1016 2965 1283 3050 incircumspecte
1306 2970 1464 3050 receptos,
1489 2985 1527 3028 ae
1550 2964 1622 3028 ideo
1646 2963 1862 3050 depositiones
1886 2965 2029 3051 ipsorum
2051 2964 2243 3052 aperiendas
2264 2987 2328 3031 non
2343 2987 2425 3050 esse,

607 3075 665 3139 sed
680 3075 789 3138 irritas
806 3073 1013 3138 nuntiandas.
1035 3072 1131 3136 Dicto
1149 3079 1258 3136 autem
1274 3072 1400 3155 comite,
1417 3071 1537 3135 relictis
1554 3071 1817 3158 procuratoribus
1833 3072 1910 3156 suis,
1928 3072 1969 3136 ad
1984 3071 2116 3158 propria
2132 3072 2298 3156 redeuutes,
2313 3095 2428 3160 procu·

605 3181 768 3246 ratoribus
786 3181 863 3268 ipsis
880 3202 918 3246 ae
934 3181 1060 3266 prefato
1077 3180 1279 3266 procuratori
1296 3179 1450 3265 sepedicti
1468 3179 1653 3243 Communis
1669 3179 1889 3243 venerabilem
1909 3179 2043 3243 fratrem
2058 3187 2204 3244 nostrum
2218 3179 2425 3266 P[elagium],

605 3290 816 3353 albanensem
840 3288 1047 3375 Episcopum,
1072 3286 1218 3351 dedimus
1242 3286 1431 3350 auditorem.
1457 3286 1601 3372 Cumque
1626 3287 1688 3373 ipsi
1711 3295 1936 3372 procuratores
1960 3309 2069 3352 coram
2093 3308 2130 3350 10
2154 3309 2251 3374 super
2274 3309 2426 3374 processu

604 3396 706 3483 ipsius
730 3395 885 3482 Episcopi
907 3395 1070 3459 florentini
1093 3394 1213 3458 diutius
1237 3393 1466 3480 disputassent,
1483 3401 1516 3458 et
1539 3395 1608 3479 ipse
1633 3393 1760 3457 auditor
1784 3415 1833 3478 ea,
1851 3415 1913 3480 que
1937 3394 2066 3458 Inerant
2082 3415 2191 3459 coram
2206 3416 2244 3459 eo
2261 3395 2426 3482 proposita

604 3509 637 3568 et
660 3510 799 3585 ostensa,
823 3502 917 3567 nobis
941 3501 1079 3566 fideliter
1101 3501 1280 3584 retulisset,
1305 3522 1363 3565 nos
1387 3501 1450 3565 illis
1480 3501 1607 3586 plenius
1638 3501 1825 3584 intellectis,
1851 3501 1890 3565 de
1914 3501 2051 3566 fratrum
2075 3509 2258 3567 nostrorum
2281 3502 2425 3584 consilio,

604 3613 814 3694 cassavimus,
827 3611 957 3696 justitia
979 3611 1142 3696 exigente,
1159 3632 1354 3696 processum.
1378 3609 1535 3674 Nolentes
1558 3617 1681 3692 autem,
1698 3609 1784 3695 qued
1808 3609 1908 3696 ipsius
1931 3630 2028 3674 cause
2051 3609 2171 3674 decisio
2194 3610 2329 3674 ulterius
2352 3631 2426 3697 pro·

603 3726 747 3805 rogetur,
771 3718 957 3783 discretioni
986 3725 1040 3782 tue
1070 3739 1129 3804 per
1153 3717 1330 3803 apostoliea
1361 3717 1480 3802 scripta
1510 3716 1718 3800 mandamus,
1744 3723 1903 3802 quatenus
1926 3717 2047 3781 dictum
2070 3716 2247 3782 Commune
2271 3717 2312 3780 ad
2335 3717 2426 3782 litem

604 3849 702 3914 super
725 3827 764 3891 iis
787 3848 861 3891 cum
884 3826 954 3912 ipso
979 3825 1094 3889 comite
1125 3824 1177 3888 vel
1209 3826 1279 3909 ejus
1303 3831 1529 3910 procuratore,
1554 3824 1798 3909 exceptionibus
1822 3824 2126 3908 nonobstantibus,
2151 3824 2294 3909 legitime
2317 3831 2426 3889 00111-

604 3935 755 3998 standam
778 3932 864 3997 infra
887 3939 1123 4019 competentem
1146 3932 1338 4013 terminum,
1364 3952 1460 4016 quem
1483 3931 1529 3995 eis
1561 3930 1694 3994 duxeris
1726 3931 1964 4016 prefigendum,
1989 3930 2164 3996 monitione
2188 3931 2346 4018 premissa
2368 3953 2426 4018 per

605 4063 758 4107 censuras
780 4040 1027 4122 ecclesiasticas,
1045 4039 1264 4126 appellatione
1280 4045 1413 4120 remota,
1431 4059 1627 4124 compescas,
1644 4059 1682 4102 ac
1698 4038 1827 4102 demum
1844 4038 1871 4102 si
1887 4039 1945 4102 tibi
1965 4039 2141 4121 vacaverit,
2157 4038 2271 4103 audias
2295 4060 2427 4102 causam

603 4156 647 4232 et,
665 4149 883 4236 appellatione
901 4153 1035 4230 remota,
1053 4147 1161 4211 debito
1184 4147 1247 4210 fine
1271 4145 1412 4228 decidas,
1429 4145 1572 4231 alioquin
1596 4145 1729 4209 iuducas
1753 4151 1862 4231 partes
1886 4145 1928 4209 ad
1944 4145 2204 4210 concordandum
2220 4145 2254 4209 in
2269 4167 2424 4232 personas

604 4256 748 4338 idoneas,
773 4256 890 4341 quibus
914 4276 1013 4320 causa
1036 4254 1151 4318 eadem
1174 4253 1401 4336 committatur,
1426 4259 1457 4316 et
1481 4254 1549 4318 1111
1572 4253 1736 4339 potuerint
1767 4253 1834 4317 sive
1867 4274 1932 4317 non
1959 4253 2123 4339 potuerint
2146 4253 2179 4316 in
2200 4253 2326 4338 judices
2350 4274 2424 4317 con·

604 4364 749 4447 cordare,
767 4384 899 4428 causam
922 4363 1027 4448 ipsam
1050 4361 1128 4426 viris
1151 4361 1297 4424 discretis
1313 4367 1346 4424 et
1369 4360 1550 4446 suspicione
1575 4361 1769 4443 carentibus,
1790 4360 1983 4424 auctoritate
2006 4367 2127 4442 nestra,
2145 4359 2326 4424 committas
2346 4381 2424 4424 exa·

603 4471 791 4535 minandam
815 4470 951 4534 sollicite
975 4491 1013 4534 11
1029 4469 1092 4533 1111
1109 4467 1227 4550 debito,
1245 4468 1462 4553 appellatione
1479 4467 1668 4554 postposita,
1685 4467 1930 4550 terminandam,
1948 4466 2024 4531 data
2040 4467 2086 4530 eia
2101 4467 2249 4552 plenaria
2265 4473 2424 4552 potestate

605 4578 743 4664 cogendi
766 4585 864 4642 testes
889 4584 921 4640 et
944 4575 1085 4640 faciendi
1108 4575 1183 4658 alia,
1209 4596 1270 4660 que
1294 4574 1394 4660 ipsius
1418 4575 1540 4659 negotii
1563 4575 1683 4639 decisio
1707 4573 1869 4638 videbitur
1892 4573 2066 4660 postulare.

692 4685 815 4750 Datum
837 4685 993 4749 Laterani
1016 4683 1238 4748 tertiodecimo
1262 4681 1419 4746 kalendas
1443 4682 1567 4768 aprilis,
1590 4683 1795 4768 pontificatus
1820 4681 1921 4746 nostri
1943 4702 2027 4745 anuo
2044 4670 2185 4745 deonna.

1475 5005 1551 5068 XX.

1265 5289 1269 5296 ,
1332 5219 1429 5302 1226,
1453 5218 1496 5281 21
1520 5216 1697 5282 novembris.

1091 5431 1144 5496 Ex
1167 5431 1281 5496 eodem
1304 5438 1390 5496 tomo
1414 5431 1590 5514 XXXVI,
1615 5453 1701 5495 num.
1725 5429 1885 5497 LXXIII.
1903 5432 1942 5496 (2)

693 5648 790 5714 Anno
813 5645 946 5713 Domini
969 5646 1138 5712 millesimo
1163 5647 1381 5712 ducentesimo
1409 5647 1567 5732 vigesimo
1591 5653 1702 5729 sexto,
1726 5645 1899 5710 indictione
1922 5645 2181 5730 quartadecima,
2205 5646 2256 5710 die
2280 5646 2423 5729 sebathi,

604 5756 728 5822 (1111110
752 5757 901 5821 exeuntis
925 5756 1043 5820 mensis
1066 5753 1260 5838 novembris,
1278 5755 1311 5818 in
1334 5755 1463 5818 civitate
1487 5754 1644 5836 Bononia,
1662 5753 1694 5816 in
1717 5753 1838 5840 palatio
1855 5752 2081 5840 Episcopatus,
2098 5752 2246 5818 deminus
2268 5753 2424 5818 Boeotius

603 5863 734 5948 Brema,
751 5864 899 5929 dominus
915 5863 1078 5928 Robertus
1094 5862 1134 5926 de
1152 5860 1394 5944 0011011100),
1412 5861 1559 5926 dominus
1576 5861 1719 5926 Uberius
1735 5859 1775 5923 dc
1792 5860 1952 5942 Marnate,
1969 5859 2117 5924 domiuus
2134 5860 2266 5924 Ardicio
2282 5860 2321 5923 de
2338 5861 2423 5924 Pon-

684 6221 724 6288 (1)
743 6219 786 6272 Ex
805 6219 924 6290 Registr.
937 6218 972 6272 V.
985 6217 1099 6270 Honorii
1119 6217 1414 6286 11L,0pist.2ss,sol.
1430 6220 1488 6283 119,
1507 6215 1702 6282 1100111111,
1721 6213 1783 6267 XX.
1803 6216 1902 6268 martii.

685 6311 724 6378 (11)
743 6310 786 6362 Ex
804 6309 873 6380 Reg.
892 6308 928 6363 V.
946 6308 1060 6361 Honorii
1078 6309 1146 6374 III.,
1159 6307 1207 6360 fol.
1224 6310 1283 6373 156,
1296 6306 1488 6373 1100111111,
1508 6305 1586 6358 XXI.
1606 6305 1768 6358 novembris.

684 6402 724 6468 (a)
744 6399 797 6453 Sir.
