5484 7746
657 596 732 664 248
1441 619 1680 672 uouunmnna

655 781 687 838 et
710 775 743 838 in
767 775 933 860 presencia
952 774 1098 859 judicum
1121 775 1241 840 Ubaldi
1265 776 1304 840 do
1329 775 1510 863 Oarprneta
1533 784 1565 840 et
1587 777 1671 842 Boni
1691 778 1810 862 judicis
1833 779 1873 843 de
1896 779 2094 862 Nonantula,
2111 780 2143 843 in
2168 779 2399 863 testimon[inm
2424 829 2432 844 .
2459 830 2467 845 .

655 930 1030 948 ............
1033 881 1045 966 ]
1069 882 1197 947 domine
1219 883 1387 948 cometissa
1412 933 1419 948 .
1446 931 1453 948 .
1479 933 1486 948 .
1513 933 1520 950 .
1545 935 1552 948 .
1579 933 1586 948 .
1612 934 1620 948 .
1646 933 1653 949 .
1679 935 1686 949 .
1711 886 1922 972 longobardie
1949 907 2046 972 quam
2070 886 2198 968 Tussis,
2223 887 2278 972 qui
2302 894 2466 973 presentes

654 991 879 1073 interfuerunt,
903 989 1053 1054 videlicet
1085 990 1182 1055 Sasso
1205 990 1245 1056 de
1268 991 1461 1074 Bibianello,
1485 991 1699 1057 Lamfrancus
1724 992 1735 1076 [
1739 1042 2045 1059 ..........
2048 993 2060 1077 ]
2084 993 2191 1058 clittus
2216 993 2227 1077 [
2231 1043 2469 1060 ........

654 1099 699 1182 e]t
722 1097 910 1162 Manfredus
934 1097 1100 1163 Cantellas
1124 1098 1163 1162 de
1186 1097 1310 1162 Metina
1322 1097 1361 1162 (1)
1378 1105 1410 1162 et
1425 1097 1615 1163 Dominicus
1630 1101 1774 1164 notarius
1791 1100 1830 1164 de
1846 1101 2000 1165 Baioaria
2015 1123 2122 1166 comes
2136 1103 2239 1165 eciam
2255 1101 2466 1185 Uual[fredus

654 1205 886 1290 Gandlulfus[
889 1254 1361 1270 ...............
1365 1205 1399 1288 ]ἰ.
1422 1205 1465 1272 Et
1489 1205 1579 1289 [Alto
1603 1206 1687 1271 filius
1715 1207 1843 1292 Pagani
1866 1215 1898 1272 et
1925 1208 2103 1272 Rolamdus
2134 1209 2218 1272 lilius
2250 1208 2397 1274 Guiberti
2428 1210 2468 1274 de

653 1315 842 1394 BacianorL
866 1314 878 1398 [
881 1361 1421 1378 .................
1424 1313 1482 1396 ]sis
1505 1315 1650 1378 ecclesie.

740 1527 883 1614 [Foris-J
906 1529 1005 1594 Carta
1028 1529 1244 1595 concessionis
1267 1529 1402 1594 ecclesie
1426 1531 1530 1594 sancti
1553 1529 1722 1595 Michaelis
1746 1529 1785 1594 de
1809 1529 1977 1616 Argelata.

1540 1887 1585 1952 Il.

1410 2124 1508 2208 1130,
1534 2125 1576 2186 13
1597 2126 1715 2208 aprilis

899 2357 950 2420 Ex
974 2357 1106 2421 archivo
1130 2355 1399 2442 Metropolitanae
1423 2355 1588 2420 Ecclesiae
1614 2357 1817 2440 ravennatis,
1842 2379 1940 2443 capsa
1963 2357 2001 2440 F,
2027 2381 2057 2423 n.
2083 2358 2226 2424 lerata).

741 2611 780 2674 In
805 2610 932 2674 nomine
955 2608 1087 2672 Domini
1119 2609 1229 2672 nostri.
1253 2609 1349 2672 Anno
1380 2607 1422 2671 ab
1453 2608 1674 2672 incarnatione
1704 2609 1773 2672 eius
1806 2609 1976 2674 millesimo
2008 2609 2182 2674 centesimo
2209 2610 2389 2696 trigesimo,
2414 2612 2465 2676 die

650 2718 875 2782 terciodecimo
899 2717 1017 2780 mensis
1042 2717 1163 2802 aprilis,
1181 2716 1353 2780 indictione
1378 2722 1501 2780 octava.
1520 2715 1605 2778 Dum
1629 2716 1754 2779 donnus
1778 2715 1974 2798 Gualterius,
1993 2717 2185 2781 venerabilis
2207 2719 2466 2806 archiepiscopus

643 2833 774 2889 sanctae
799 2823 984 2888 ravennatis
1007 2823 1205 2904 Aecclosiae,
1222 2830 1354 2908 propter
1369 2844 1521 2907 guerram
1537 2831 1569 2885 et
1585 2823 1674 2886 litem
1698 2823 1883 2902 maximam,
1902 2845 1963 2909 que
1987 2831 2057 2888 erat
2076 2825 2160 2888 inter
2176 2826 2329 2911 populum
2347 2848 2462 2892 ravon·

646 2941 753 2996 cratem
773 2941 806 2996 et
827 2932 984 3018 populum
1006 2930 1259 3013 bolondiensom,
1276 2937 1308 2994 et
1332 2930 1403 2994 ideo
1427 2930 1536 2994 clerici
1558 2939 1589 2993 et
1613 2931 1687 2994 laici
1711 2931 1914 2994 bolonienses
1939 2953 2002 2996 non
2027 2932 2190 2995 audebant
2217 2955 2328 2997 secure
2352 2935 2464 2998 venire

644 3040 847 3122 Ravennam,
864 3039 1061 3104 ascendisset
1083 3038 1124 3102 ad
1147 3038 1253 3102 locum
1275 3038 1379 3102 sancti
1402 3037 1544 3119 loannis,
1562 3039 1616 3122 qui
1640 3037 1757 3102 dicitur
1781 3039 1813 3102 in
1836 3038 2019 3121 Persecota,
2036 3046 2072 3103 ut
2089 3040 2266 3104 secundum
2284 3041 2461 3107 institucio-

645 3169 718 3211 nem
742 3153 774 3210 et
797 3167 920 3210 morem
943 3145 1185 3231 antiquisimum
1207 3145 1333 3232 prefate
1357 3146 1543 3208 ravennatis
1567 3145 1754 3209 Aecclesiae
1774 3145 1965 3210 Heinrioum
1981 3146 2129 3211 Electum
2146 3148 2365 3214 boloniensem
2389 3173 2464 3215 con·

642 3263 802 3339 sacraret,
819 3275 956 3340 cumque
979 3255 1044 3318 iam
1068 3252 1109 3317 ad
1133 3253 1407 3316 examinationem
1430 3253 1592 3338 predictus
1615 3253 1740 3318 donnus
1764 3253 1951 3318 Gualterius
1974 3255 2234 3342 archiepiscopus
2251 3259 2461 3344 solempniter

644 3362 776 3428 indutus
799 3384 872 3427 oum
895 3361 1055 3448 episcopis
1079 3361 1145 3424 suis
1170 3360 1285 3424 sedens
1305 3360 1441 3424 Dodone
1466 3360 1616 3425 videlicet
1639 3361 1822 3444 mutinensi,
1839 3361 1959 3426 Iacobo
1982 3361 2159 3445 faventino,
2176 3364 2331 3430 Bennone
2348 3387 2461 3431 corne-

644 3471 749 3554 liensi,
765 3470 863 3534 Petro
888 3469 1061 3551 ficoclensi,
1077 3467 1264 3554 presbiteris
1279 3488 1356 3531 vero
1372 3468 1558 3532 ravennatis
1574 3468 1761 3532 Aecclesiae
1778 3468 2005 3551 cardinalibus,
2023 3469 2145 3534 scilicet
2160 3470 2282 3535 Ioanne
2299 3473 2338 3536 de
2356 3472 2465 3538 Oarda

644 3578 731 3643 tituli
754 3584 865 3642 sancte
888 3576 992 3640 Mario
1014 3575 1159 3657 Maioris,
1183 3575 1293 3640 Leone
1315 3576 1401 3638 tituli
1424 3582 1555 3639 sanctae
1579 3575 1720 3660 Agathe,
1744 3576 1842 3640 Petro
1866 3577 1951 3640 tituli
1974 3579 2077 3642 sancti
2100 3577 2286 3662 Michaelis,
2312 3579 2464 3646 Guidone

645 3687 743 3750 etiam
767 3684 993 3749 archidiacono
1020 3683 1164 3747 eiusdem
1187 3689 1318 3746 sanotae
1343 3683 1528 3746 ravennatis
1552 3681 1754 3766 eecclesiae,
1777 3683 1920 3748 Rodulfo
1944 3685 2096 3768 diacono,
2121 3693 2154 3750 et
2176 3687 2287 3752 Acone
2318 3687 2465 3754 diaconis

644 3792 863 3858 cardinalibus
887 3790 1044 3875 Bel[itto],
1068 3790 1291 3872 Rambertino,
1308 3789 1413 3854 Tusco
1438 3789 1653 3873 subdiaconis,
1670 3789 1835 3872 Heinrico,
1860 3791 2006 3875 Alberto,
2030 3793 2207 3878 presbitero
2231 3794 2364 3878 Ioanne,
2384 3796 2465 3860 Rai-

647 3900 737 3965 nullo
760 3899 957 3982 cantoribus,
972 3898 1161 3984 Peregrino,
1179 3903 1276 3983 atque
1300 3896 1445 3961 Gerardo
1469 3897 1632 3962 hostiariis
1654 3898 1798 3962 eiusdem
1820 3900 2006 3964 ravennatis
2026 3901 2224 3984 Accclesiae‚
2241 3901 2363 3968 Ioanne
2383 3926 2465 3988 quo-

646 4029 708 4094 que
739 4007 918 4072 venerabili
948 4005 1054 4092 priore
1086 4005 1268 4092 portuensis
1299 4005 1451 4068 canonice
1480 4027 1551 4068 cam
1577 4004 1723 4070 Gerardo
1746 4006 1881 4070 diacono
1905 4008 2076 4090 canonico,
2101 4017 2133 4071 et
2154 4009 2252 4073 Petro
2276 4010 2398 4074 Ioanne
2421 4012 2465 4078 de

645 4118 757 4182 Aeone
782 4136 936 4180 converso
960 4114 1104 4179 ciusdem
1127 4114 1291 4196 canonice,
1309 4113 1426 4177 abbate
1451 4135 1577 4199 quoque
1601 4113 1797 4178 Ildebrando
1822 4116 2051 4198 nonantulano,
2068 4116 2246 4202 presbitero
2269 4118 2405 4184 Alberto
2429 4127 2465 4184 et

645 4223 798 4309 Ugolino,
823 4222 948 4287 clericis
972 4220 1156 4304 faventinis,
1181 4227 1213 4284 ct
1237 4219 1385 4284 Guidone
1408 4220 1587 4306 presbitero
1612 4221 1816 4303 corneliensi,
1841 4221 1953 4286 Odone
1977 4222 2111 4287 diacono
2134 4224 2306 4307 ficoclensi,
2330 4247 2464 4312 presen-

646 4330 731 4394 tibus
755 4331 853 4394 otiam
869 4328 1044 4393 Lamberto
1060 4327 1340 4413 archipresbitero,
1358 4334 1455 4412 atque
1471 4326 1619 4392 Rodaldo
1636 4327 1862 4392 archidiacono
1879 4329 2075 4392 boloniensis
2090 4329 2288 4412 Aecclesiae,
2305 4331 2463 4398 Heinrico

647 4440 686 4506 de
704 4438 792 4521 Sala,
809 4439 930 4502 Attone
950 4436 1085 4500 diacono
1102 4443 1134 4499 et
1150 4434 1290 4499 Martino
1311 4433 1456 4518 diacono,
1472 4436 1651 4521 presbitero
1668 4435 1804 4500 Catanio
1828 4442 1860 4499 et
1878 4435 2024 4500 Gerardo
2039 4443 2072 4500 et
2087 4436 2241 4501 Rainerio
2258 4447 2290 4502 et
2311 4439 2462 4506 Guidone

643 4546 801 4629 Rainerii,
825 4545 965 4630 Angelo,
989 4544 1143 4608 canonico
1165 4542 1362 4607 boloniensis
1385 4543 1590 4625 Aecclesiae,
1614 4542 1808 4625 Raimundo,
1834 4543 2103 4629 archipresbitero
2134 4545 2278 4608 eiusdem
2300 4547 2403 4632 plebis
2427 4549 2462 4612 in

644 4655 818 4719 Persaccta
842 4673 914 4718 cum
937 4652 1062 4716 clericis
1085 4651 1162 4734 suis,
1178 4651 1287 4733 Petro,
1311 4652 1417 4736 priore
1441 4652 1594 4715 canonice
1617 4652 1720 4716 sancti
1743 4651 1894 4732 Victoris,
1915 4653 2118 4736 presentibus
2142 4675 2268 4738 quoque
2293 4654 2462 4720 Grimaldo

644 4762 827 4843 Perticone,
852 4758 1087 4840 Cavalcabove,
1111 4757 1282 4822 Buvalello
1305 4757 1371 4822 lilio
1394 4757 1562 4822 Ramberti
1585 4757 1624 4821 de
1649 4758 1810 4834 Geremia,
1829 4757 1972 4822 Guezolo
1996 4759 2035 4823 de
2059 4760 2256 4844 Bangaroln,
2281 4761 2463 4828 Guiscarde

645 4869 911 4954 Scuguzaprette,
923 4865 1059 4930 Alberto
1076 4865 1209 4928 maistre
1229 4864 1268 4928 de
1285 4872 1396 4929 sancto
1412 4864 1538 4928 Marino
1555 4872 1587 4928 et
1601 4864 1668 4928 filio
1684 4864 1868 4929 Nucaniani
1884 4887 1956 4929 cum
1973 4867 2081 4929 multis
2099 4867 2169 4930 aliis
2187 4868 2277 4932 laicis
2294 4869 2461 4934 bolonien-

643 4976 743 5059 sibus,
760 4975 896 5040 Alberto
921 4975 1019 5037 etiam
1042 4972 1082 5036 de
1107 4972 1195 5055 Sala,
1219 4972 1423 5054 Falsabrina,
1447 4973 1589 5054 Matheo,
1614 4972 1775 5054 Odelrioo,
1799 4972 1934 5037 Alberto
1957 4973 1997 5036 de
2020 4973 2188 5038 Bonifacio
2213 4975 2375 5058 Cataneis,
2392 4999 2462 5042 mu·

644 5083 841 5166 tinensibus3
866 5082 897 5145 in
922 5081 1057 5146 istorum
1081 5080 1224 5144 omnium
1254 5081 1433 5166 presentia,
1459 5080 1534 5143 dnm
1566 5080 1712 5164 prelatus
1742 5079 1874 5144 Electus
1905 5080 2077 5144 Heinrious
2108 5082 2284 5146 secundum
2315 5084 2462 5149 ordinem

644 5191 797 5254 canonice
822 5189 1076 5270 examinaretur,
1097 5195 1186 5252 mota
1209 5195 1258 5252 est
1281 5188 1404 5272 questio
1429 5207 1471 5251 ex
1494 5195 1585 5273 parte
1609 5187 1854 5268 boloniensium,
1871 5195 1907 5251 ut
1929 5187 2060 5251 Electus
2084 5209 2195 5252 eorum
2219 5199 2462 5255 consecraretur

643 5296 917 5379 condicionaliter,
933 5297 1025 5359 salva
1048 5295 1176 5359 iusticia
1199 5295 1394 5358 boloniensis
1411 5295 1616 5377 Accelesiae3
1634 5293 1788 5358 adversus
1805 5315 1885 5380 quos
1900 5294 2025 5358 donnus
2043 5295 2229 5360 Gualterius
2246 5298 2461 5382 archiepisco·

643 5427 704 5491 pus
727 5426 800 5468 cum
822 5403 956 5489 prefatis
980 5403 1138 5489 episcopis
1163 5410 1195 5467 et
1219 5403 1342 5466 clericis
1366 5403 1432 5466 suis
1456 5407 1640 5466 constanter
1662 5401 1837 5488 respondit,
1855 5423 1888 5466 se
1911 5423 2075 5488 nunquam
2098 5424 2171 5466 eum
2196 5412 2462 5469 consecraturum

644 5512 748 5596 aliter,
765 5511 827 5575 nisi
844 5511 925 5575 sicut
940 5511 1183 5597 predecessores
1201 5511 1249 5574 sui
1266 5510 1498 5596 archicpiscopi
1522 5517 1789 5574 consecraverant
1809 5510 2051 5596 predecessores
2069 5510 2154 5573 illius
2171 5510 2265 5574 electi
2281 5512 2341 5576 sub
2358 5514 2461 5577 omni-

643 5617 740 5682 moda
756 5616 939 5680 obedientia
959 5616 1145 5680 ravennatis
1160 5615 1358 5680 hecclesiae.
1381 5615 1559 5700 Postquam
1580 5623 1687 5679 autem
1703 5637 1801 5680 causa
1817 5616 1881 5678 iam
1898 5615 1975 5678 satis
1992 5623 2077 5679 esset
2092 5617 2258 5699 ventilata,
2275 5623 2307 5680 et
2323 5617 2461 5683 veritate

642 5725 782 5809 cognita,
808 5721 892 5809 quod
915 5722 1118 5809 episcopatus
1143 5722 1338 5787 boloniensis
1362 5724 1509 5810 perpetui
1532 5723 1610 5787 iuris
1633 5730 1718 5788 esset
1741 5729 1851 5786 sancte
1874 5723 2060 5787 ravennatis
2084 5724 2281 5808 aecclesiae,
2299 5731 2461 5790 atestante

643 5831 741 5894 etiam
765 5828 922 5912 Gerardo,
940 5828 1096 5892 cardinali
1119 5827 1249 5892 sanctae
1273 5850 1426 5892 romanae
1438 5830 1625 5894 hecclesiae
1649 5830 1735 5892 tituli
1750 5835 1880 5893 sanctae
1898 5829 2009 5893 Crucis
2026 5851 2087 5914 que
2104 5830 2206 5893 altero
2223 5830 2351 5894 nomine
2368 5831 2462 5896 Ieru-

642 5937 743 6001 salem
768 5937 939 6022 apellatur,
963 5936 1017 6022 qni
1041 5936 1086 6000 ibi
1109 5936 1347 6022 presentialiter
1376 5937 1506 6018 aderat,
1531 5937 1616 6022 quod
1639 5937 1854 6022 Episcopatus
1877 5936 2073 6000 boloniensis
2096 5937 2244 6023 perpetui
2266 5938 2349 6021 juris
2374 5947 2462 6003 esset

723 6222 762 6288 (1)
783 6221 834 6272 Sic.
1577 6222 1621 6272 dei
1637 6223 1716 6272 secoli
1733 6223 1764 6272 ‹lr'
1782 6239 1877 6285 rrrcrzc,
1890 6222 1943 6273 vol.
1958 6221 2020 6287 VI,
2037 6238 2099 6290 pag.
2114 6225 2175 6286 24⁸1,
2188 6239 2261 6274 num.
2276 6227 2336 6289 4113
2351 6223 2461 6291 Ficker,

724 6313 763 6377 (2)
783 6310 817 6361 In
835 6311 915 6378 copia
933 6311 1037 6364 saeculi
1049 6310 1114 6362 XM.
1129 6327 1145 6363 a
1163 6328 1216 6375 me,
1230 6310 1326 6363 maiori
1344 6327 1426 6380 quam
1445 6312 1520 6379 potui
1576 6310 1751 6377 chchuapea
1767 6329 1819 6362 zur·
1837 6311 1870 6362 ll.
1888 6328 1914 6361 u.
1933 6311 1965 6362 R.
1980 6311 2028 6374 It,
2046 6311 2099 6361 vol.
2120 6310 2185 6376 111„
2205 6328 2267 6380 pag.
2289 6317 2352 6378 1³43
2372 6313 2462 6381 Ricci,

642 6401 785 6470 diligentia
804 6400 922 6452 conlata.
942 6400 997 6452 Cir.
1012 6400 1123 6465 Savioli,
1142 6401 1248 6451 Annali
1265 6400 1405 6466 boloyaeai,
1422 6401 1475 6452 vol.
1489 6400 1525 6465 l.,
1582 6400 1600 6451 Ι
1611 6402 1762 6467 pra‘mordr'r'
1778 6401 1847 6452 dello
1860 6400 1953 6453 Stratie
1966 6400 2117 6466 Bolcpaase,
2129 6417 2191 6470 pag.
2205 6405 2287 6454 esav
2302 6420 2316 6454 a
2333 6407 2462 6470 rra-178,

641 6509 668 6560 p.
687 6490 738 6557 II.,
758 6507 820 6560 pag.
842 6493 905 6555 l'lb,
925 6507 999 6541 num.
1019 6489 1105 6556 cxl.;
1125 6489 1269 6555 Fantunzi,
1290 6490 1361 6542 Mon.
1380 6491 1524 6541 ravennati
1578 6508 1651 6543 num.
1664 6491 1794 6543 XXXVI.
2319 6493 2376 6559 (nr.)
