<?xml version="1.0" encoding="UTF-8"?>
<!DOCTYPE html PUBLIC "-//W3C//DTD XHTML 1.0 Transitional//EN"
    "http://www.w3.org/TR/xhtml1/DTD/xhtml1-transitional.dtd">
<html xmlns="http://www.w3.org/1999/xhtml" xml:lang="en" lang="en">
 <head>
  <title>
</title>
<meta http-equiv="Content-Type" content="text/html;charset=utf-8" />
  <meta name='ocr-system' content='tesseract 3.04.00' />
  <meta name='ocr-capabilities' content='ocr_page ocr_carea ocr_par ocr_line ocrx_word'/>
</head>
<body>
  <div class='ocr_page' id='page_1' title='image "./declarisarchigy00albigoog_0159.png"; bbox 0 0 5490 7750; ppageno 0'>
   <div class='ocr_carea' id='block_1_1' title="bbox 795 645 2147 720">
    <p class='ocr_par' dir='ltr' id='par_1_1' title="bbox 795 645 2147 720">
     <span class='ocr_line' id='line_1_1' title="bbox 795 645 2147 720; baseline -0.003 -1"><span class='ocrx_word' id='word_1_1' title='bbox 795 669 1026 720; x_wconf 78' lang='lat' dir='ltr'>sesornnrm</span> <span class='ocrx_word' id='word_1_2' title='bbox 1053 669 1104 717; x_wconf 79' lang='lat' dir='ltr'>nn</span> <span class='ocrx_word' id='word_1_3' title='bbox 1132 667 1388 718; x_wconf 80' lang='lat' dir='ltr'>raosnssoans</span> <span class='ocrx_word' id='word_1_4' title='bbox 1417 668 1523 718; x_wconf 83' lang='lat' dir='ltr'>Junrs</span> <span class='ocrx_word' id='word_1_5' title='bbox 1551 667 1685 716; x_wconf 82' lang='lat' dir='ltr'>crvrms</span> <span class='ocrx_word' id='word_1_6' title='bbox 2074 645 2147 716; x_wconf 87' lang='grc'>149</span> 
     </span>
    </p>
   </div>
   <div class='ocr_carea' id='block_1_2' title="bbox 332 825 2150 1048">
    <p class='ocr_par' dir='ltr' id='par_1_2' title="bbox 332 825 2150 1048">
     <span class='ocr_line' id='line_1_2' title="bbox 441 825 2150 925; baseline -0.002 -23"><span class='ocrx_word' id='word_1_7' title='bbox 441 829 495 902; x_wconf 90' lang='lat' dir='ltr'>De</span> <span class='ocrx_word' id='word_1_8' title='bbox 526 829 652 925; x_wconf 91' lang='lat' dir='ltr'>quibus</span> <span class='ocrx_word' id='word_1_9' title='bbox 680 827 853 922; x_wconf 91' lang='lat' dir='ltr'>omnibus,</span> <span class='ocrx_word' id='word_1_10' title='bbox 884 826 1092 898; x_wconf 88' lang='lat' dir='ltr'>necessariis</span> <span class='ocrx_word' id='word_1_11' title='bbox 1120 826 1271 898; x_wconf 90' lang='lat' dir='ltr'>testibus</span> <span class='ocrx_word' id='word_1_12' title='bbox 1300 826 1557 922; x_wconf 66' lang='lat' dir='ltr'>praesentibus</span> <span class='ocrx_word' id='word_1_13' title='bbox 1581 826 1715 898; x_wconf 89' lang='lat' dir='ltr'>factum</span> <span class='ocrx_word' id='word_1_14' title='bbox 1744 825 1864 897; x_wconf 84' lang='lat' dir='ltr'>extitit</span> <span class='ocrx_word' id='word_1_15' title='bbox 1891 825 1958 898; x_wconf 90' lang='lat' dir='ltr'>hoc</span> <span class='ocrx_word' id='word_1_16' title='bbox 1985 834 2150 900; x_wconf 87' lang='lat' dir='ltr'>exactum</span> 
     </span>
     <span class='ocr_line' id='line_1_3' title="bbox 332 937 1952 1048; baseline -0.001 -23"><span class='ocrx_word' id='word_1_17' title='bbox 332 954 514 1027; x_wconf 82' lang='lat' dir='ltr'>relationis</span> <span class='ocrx_word' id='word_1_18' title='bbox 543 953 804 1047; x_wconf 90' lang='lat' dir='ltr'>istrumentum,</span> <span class='ocrx_word' id='word_1_19' title='bbox 834 951 928 1047; x_wconf 88' lang='lat' dir='ltr'>quod</span> <span class='ocrx_word' id='word_1_20' title='bbox 957 937 1134 1047; x_wconf 90' lang='lat' dir='ltr'>reperitur</span> <span class='ocrx_word' id='word_1_21' title='bbox 1161 951 1334 1024; x_wconf 90' lang='lat' dir='ltr'>insertum</span> <span class='ocrx_word' id='word_1_22' title='bbox 1361 950 1397 1022; x_wconf 91' lang='lat' dir='ltr'>in</span> <span class='ocrx_word' id='word_1_23' title='bbox 1427 949 1586 1048; x_wconf 81' lang='lat' dir='ltr'>Bcpistrc</span> <span class='ocrx_word' id='word_1_24' title='bbox 1617 948 1952 1046; x_wconf 62' lang='lat' dir='ltr'>Praeceptor-nnis).</span> 
     </span>
    </p>
   </div>
   <div class='ocr_carea' id='block_1_3' title="bbox 331 1198 2152 1921">
    <p class='ocr_par' dir='ltr' id='par_1_3' title="bbox 331 1198 2152 1424">
     <span class='ocr_line' id='line_1_4' title="bbox 440 1198 2152 1300; baseline 0 -26"><span class='ocrx_word' id='word_1_25' title='bbox 440 1203 613 1300; x_wconf 78' lang='lat' dir='ltr'>Mopistro</span> <span class='ocrx_word' id='word_1_26' title='bbox 646 1201 803 1298; x_wconf 78' lang='lat' dir='ltr'>Gniponi</span> <span class='ocrx_word' id='word_1_27' title='bbox 832 1201 873 1273; x_wconf 84' lang='lat' dir='ltr'>dc</span> <span class='ocrx_word' id='word_1_28' title='bbox 903 1199 1031 1273; x_wconf 81' lang='lat' dir='ltr'>Sancto</span> <span class='ocrx_word' id='word_1_29' title='bbox 1063 1199 1259 1295; x_wconf 82' lang='lat' dir='ltr'>Germana,</span> <span class='ocrx_word' id='word_1_30' title='bbox 1285 1201 1481 1296; x_wconf 82' lang='lat' dir='ltr'>praeposito</span> <span class='ocrx_word' id='word_1_31' title='bbox 1511 1199 1684 1271; x_wconf 75' lang='lat' dir='ltr'><em>Ecclesiae</em></span> <span class='ocrx_word' id='word_1_32' title='bbox 1713 1198 1896 1296; x_wconf 83' lang='lat' dir='ltr'>Niccnsis,</span> <span class='ocrx_word' id='word_1_33' title='bbox 1926 1203 2065 1274; x_wconf 70' lang='lat' dir='ltr'>notorio</span> <span class='ocrx_word' id='word_1_34' title='bbox 2093 1227 2152 1274; x_wconf 86' lang='lat' dir='ltr'>nn·</span> 
     </span>
     <span class='ocr_line' id='line_1_5' title="bbox 331 1325 993 1424; baseline 0.002 -28"><span class='ocrx_word' id='word_1_35' title='bbox 331 1335 401 1400; x_wconf 81' lang='lat' dir='ltr'>stro</span> <span class='ocrx_word' id='word_1_36' title='bbox 429 1335 459 1399; x_wconf 87' lang='lat' dir='ltr'>ct</span> <span class='ocrx_word' id='word_1_37' title='bbox 487 1327 693 1424; x_wconf 82' lang='lat' dir='ltr'>apostolicae</span> <span class='ocrx_word' id='word_1_38' title='bbox 724 1325 827 1398; x_wconf 82' lang='lat' dir='ltr'>Sectis</span> <span class='ocrx_word' id='word_1_39' title='bbox 855 1327 993 1398; x_wconf 82' lang='lat' dir='ltr'>nccncic.</span> 
     </span>
    </p>

    <p class='ocr_par' dir='ltr' id='par_1_4' title="bbox 332 1448 2152 1921">
     <span class='ocr_line' id='line_1_6' title="bbox 437 1448 2151 1549; baseline 0.001 -25"><span class='ocrx_word' id='word_1_40' title='bbox 437 1453 642 1549; x_wconf 84' lang='lat' dir='ltr'>lnjungitur</span> <span class='ocrx_word' id='word_1_41' title='bbox 670 1452 702 1524; x_wconf 91' lang='lat' dir='ltr'>ei</span> <span class='ocrx_word' id='word_1_42' title='bbox 735 1451 829 1547; x_wconf 90' lang='lat' dir='ltr'>quod</span> <span class='ocrx_word' id='word_1_43' title='bbox 863 1451 898 1522; x_wconf 94' lang='lat' dir='ltr'>in</span> <span class='ocrx_word' id='word_1_44' title='bbox 928 1475 1013 1524; x_wconf 89' lang='lat' dir='ltr'>casu</span> <span class='ocrx_word' id='word_1_45' title='bbox 1040 1450 1228 1522; x_wconf 81' lang='lat' dir='ltr'><strong>dumtaxat</strong></span> <span class='ocrx_word' id='word_1_46' title='bbox 1261 1450 1296 1521; x_wconf 94' lang='lat' dir='ltr'>in</span> <span class='ocrx_word' id='word_1_47' title='bbox 1326 1473 1394 1544; x_wconf 91' lang='lat' dir='ltr'>quo</span> <span class='ocrx_word' id='word_1_48' title='bbox 1422 1448 1664 1522; x_wconf 89' lang='lat' dir='ltr'>Bononienses</span> <span class='ocrx_word' id='word_1_49' title='bbox 1693 1451 1901 1524; x_wconf 80' lang='lat' dir='ltr'>concordiae</span> <span class='ocrx_word' id='word_1_50' title='bbox 1931 1461 1966 1524; x_wconf 88' lang='lat' dir='ltr'>et</span> <span class='ocrx_word' id='word_1_51' title='bbox 1993 1455 2151 1527; x_wconf 90' lang='lat' dir='ltr'>reconci-</span> 
     </span>
     <span class='ocr_line' id='line_1_7' title="bbox 332 1575 2150 1674; baseline 0.001 -26"><span class='ocrx_word' id='word_1_52' title='bbox 332 1577 486 1650; x_wconf 88' lang='lat' dir='ltr'>liationis</span> <span class='ocrx_word' id='word_1_53' title='bbox 514 1577 670 1674; x_wconf 91' lang='lat' dir='ltr'>capitula</span> <span class='ocrx_word' id='word_1_54' title='bbox 698 1577 875 1673; x_wconf 79' lang='lat' dir='ltr'>accipiant</span> <span class='ocrx_word' id='word_1_55' title='bbox 899 1585 935 1648; x_wconf 89' lang='lat' dir='ltr'>et</span> <span class='ocrx_word' id='word_1_56' title='bbox 962 1575 1150 1670; x_wconf 84' lang='lat' dir='ltr'>ratificcnt,</span> <span class='ocrx_word' id='word_1_57' title='bbox 1173 1583 1257 1646; x_wconf 93' lang='lat' dir='ltr'>tunc</span> <span class='ocrx_word' id='word_1_58' title='bbox 1276 1598 1383 1672; x_wconf 86' lang='lat' dir='ltr'>snper</span> <span class='ocrx_word' id='word_1_59' title='bbox 1411 1575 1715 1648; x_wconf 87' lang='lat' dir='ltr'>commissionibus</span> <span class='ocrx_word' id='word_1_60' title='bbox 1743 1576 1809 1648; x_wconf 91' lang='lat' dir='ltr'>sibi</span> <span class='ocrx_word' id='word_1_61' title='bbox 1836 1577 1941 1650; x_wconf 89' lang='lat' dir='ltr'>factis</span> <span class='ocrx_word' id='word_1_62' title='bbox 1969 1579 2150 1674; x_wconf 91' lang='lat' dir='ltr'>procedat,</span> 
     </span>
     <span class='ocr_line' id='line_1_8' title="bbox 332 1699 2152 1798; baseline 0.001 -24"><span class='ocrx_word' id='word_1_63' title='bbox 332 1701 488 1798; x_wconf 88' lang='lat' dir='ltr'>alioquin</span> <span class='ocrx_word' id='word_1_64' title='bbox 516 1703 561 1774; x_wconf 92' lang='lat' dir='ltr'>ad</span> <span class='ocrx_word' id='word_1_65' title='bbox 591 1702 814 1775; x_wconf 66' lang='lat' dir='ltr'>avenionem</span> <span class='ocrx_word' id='word_1_66' title='bbox 843 1699 990 1773; x_wconf 91' lang='lat' dir='ltr'>sollicite</span> <span class='ocrx_word' id='word_1_67' title='bbox 1020 1700 1155 1772; x_wconf 90' lang='lat' dir='ltr'>redeat.</span> <span class='ocrx_word' id='word_1_68' title='bbox 1185 1699 1319 1771; x_wconf 89' lang='lat' dir='ltr'>Datum</span> <span class='ocrx_word' id='word_1_69' title='bbox 1349 1699 1527 1772; x_wconf 83' lang='lat' dir='ltr'>Avenioni</span> <span class='ocrx_word' id='word_1_70' title='bbox 1553 1699 1623 1772; x_wconf 88' lang='lat' dir='ltr'>IX.</span> <span class='ocrx_word' id='word_1_71' title='bbox 1653 1699 1823 1774; x_wconf 76' lang='lat' dir='ltr'>kalendas</span> <span class='ocrx_word' id='word_1_72' title='bbox 1851 1702 2033 1798; x_wconf 91' lang='lat' dir='ltr'>februarii,</span> <span class='ocrx_word' id='word_1_73' title='bbox 2060 1728 2152 1776; x_wconf 90' lang='lat' dir='ltr'>anno</span> 
     </span>
     <span class='ocr_line' id='line_1_9' title="bbox 333 1822 522 1921; baseline 0.005 -24"><span class='ocrx_word' id='word_1_74' title='bbox 333 1826 456 1921; x_wconf 91' lang='lat' dir='ltr'>quinto</span> <span class='ocrx_word' id='word_1_75' title='bbox 472 1822 522 1898; x_wconf 77' lang='lat'><strong>(2).</strong></span> 
     </span>
    </p>
   </div>
   <div class='ocr_carea' id='block_1_4' title="bbox 333 2073 2251 6181">
    <p class='ocr_par' dir='ltr' id='par_1_5' title="bbox 442 2073 1594 2174">
     <span class='ocr_line' id='line_1_10' title="bbox 442 2073 1594 2174; baseline -0.003 -24"><span class='ocrx_word' id='word_1_76' title='bbox 442 2077 675 2174; x_wconf 78' lang='lat' dir='ltr'>Bcltrunn&#39;nO,</span> <span class='ocrx_word' id='word_1_77' title='bbox 705 2078 857 2174; x_wconf 85' lang='lat' dir='ltr'>episcopo</span> <span class='ocrx_word' id='word_1_78' title='bbox 890 2073 1059 2170; x_wconf 73' lang='lat' dir='ltr'>Cremona,</span> <span class='ocrx_word' id='word_1_79' title='bbox 1089 2075 1295 2171; x_wconf 83' lang='lat' dir='ltr'>apostol-ioue</span> <span class='ocrx_word' id='word_1_80' title='bbox 1325 2073 1428 2148; x_wconf 79' lang='lat' dir='ltr'>Sedis</span> <span class='ocrx_word' id='word_1_81' title='bbox 1454 2077 1594 2148; x_wconf 81' lang='lat' dir='ltr'>nuncin.</span> 
     </span>
    </p>

    <p class='ocr_par' dir='ltr' id='par_1_6' title="bbox 333 2198 2251 4653">
     <span class='ocr_line' id='line_1_11' title="bbox 442 2198 2154 2299; baseline -0.001 -24"><span class='ocrx_word' id='word_1_82' title='bbox 442 2203 638 2299; x_wconf 88' lang='lat' dir='ltr'>Postquam</span> <span class='ocrx_word' id='word_1_83' title='bbox 667 2201 838 2296; x_wconf 86' lang='lat' dir='ltr'>magister</span> <span class='ocrx_word' id='word_1_84' title='bbox 866 2199 984 2295; x_wconf 85' lang='lat' dir='ltr'>Guigo</span> <span class='ocrx_word' id='word_1_85' title='bbox 1022 2200 1065 2272; x_wconf 91' lang='lat' dir='ltr'>de</span> <span class='ocrx_word' id='word_1_86' title='bbox 1103 2200 1234 2273; x_wconf 85' lang='lat' dir='ltr'>Sancto</span> <span class='ocrx_word' id='word_1_87' title='bbox 1273 2198 1470 2296; x_wconf 83' lang='lat' dir='ltr'>Germane,</span> <span class='ocrx_word' id='word_1_88' title='bbox 1500 2199 1662 2272; x_wconf 86' lang='lat' dir='ltr'>Nuncius</span> <span class='ocrx_word' id='word_1_89' title='bbox 1700 2201 1899 2297; x_wconf 89' lang='lat' dir='ltr'>pontificius</span> <span class='ocrx_word' id='word_1_90' title='bbox 1936 2202 1972 2273; x_wconf 93' lang='lat' dir='ltr'>in</span> <span class='ocrx_word' id='word_1_91' title='bbox 2010 2201 2154 2274; x_wconf 87' lang='lat' dir='ltr'>civitate</span> 
     </span>
     <span class='ocr_line' id='line_1_12' title="bbox 333 2325 2153 2424; baseline 0 -25"><span class='ocrx_word' id='word_1_92' title='bbox 333 2327 526 2424; x_wconf 80' lang='lat' dir='ltr'>Bononiae,</span> <span class='ocrx_word' id='word_1_93' title='bbox 546 2327 642 2400; x_wconf 88' lang='lat' dir='ltr'>haud</span> <span class='ocrx_word' id='word_1_94' title='bbox 667 2334 834 2424; x_wconf 90' lang='lat' dir='ltr'>potuerat</span> <span class='ocrx_word' id='word_1_95' title='bbox 862 2325 1105 2398; x_wconf 90' lang='lat' dir='ltr'>Bononienses</span> <span class='ocrx_word' id='word_1_96' title='bbox 1134 2325 1300 2397; x_wconf 91' lang='lat' dir='ltr'>inducere</span> <span class='ocrx_word' id='word_1_97' title='bbox 1330 2326 1375 2398; x_wconf 86' lang='lat' dir='ltr'>ad</span> <span class='ocrx_word' id='word_1_98' title='bbox 1403 2327 1624 2422; x_wconf 86' lang='lat' dir='ltr'>acceptanda</span> <span class='ocrx_word' id='word_1_99' title='bbox 1644 2335 1679 2398; x_wconf 92' lang='lat' dir='ltr'>et</span> <span class='ocrx_word' id='word_1_100' title='bbox 1698 2326 1908 2399; x_wconf 90' lang='lat' dir='ltr'>ratificanda</span> <span class='ocrx_word' id='word_1_101' title='bbox 1927 2327 2075 2422; x_wconf 85' lang='lat' dir='ltr'>triginta</span> <span class='ocrx_word' id='word_1_102' title='bbox 2094 2351 2153 2399; x_wconf 92' lang='lat' dir='ltr'>ca-</span> 
     </span>
     <span class='ocr_line' id='line_1_13' title="bbox 335 2451 2154 2549; baseline -0.001 -25"><span class='ocrx_word' id='word_1_103' title='bbox 335 2452 445 2548; x_wconf 90' lang='lat' dir='ltr'>pitula</span> <span class='ocrx_word' id='word_1_104' title='bbox 482 2477 572 2548; x_wconf 88' lang='lat' dir='ltr'>quae</span> <span class='ocrx_word' id='word_1_105' title='bbox 601 2454 646 2526; x_wconf 91' lang='lat' dir='ltr'>ab</span> <span class='ocrx_word' id='word_1_106' title='bbox 676 2453 834 2548; x_wconf 89' lang='lat' dir='ltr'>ejusdem</span> <span class='ocrx_word' id='word_1_107' title='bbox 865 2451 1019 2523; x_wconf 89' lang='lat' dir='ltr'>civitatis</span> <span class='ocrx_word' id='word_1_108' title='bbox 1048 2451 1248 2522; x_wconf 88' lang='lat' dir='ltr'>oratoribus</span> <span class='ocrx_word' id='word_1_109' title='bbox 1276 2451 1450 2548; x_wconf 88' lang='lat' dir='ltr'>promissa</span> <span class='ocrx_word' id='word_1_110' title='bbox 1479 2451 1632 2546; x_wconf 89' lang='lat' dir='ltr'>fuerant,</span> <span class='ocrx_word' id='word_1_111' title='bbox 1658 2462 1695 2523; x_wconf 92' lang='lat' dir='ltr'>et</span> <span class='ocrx_word' id='word_1_112' title='bbox 1723 2460 1910 2548; x_wconf 88' lang='lat' dir='ltr'>postquam</span> <span class='ocrx_word' id='word_1_113' title='bbox 1939 2453 1985 2524; x_wconf 92' lang='lat' dir='ltr'>ad</span> <span class='ocrx_word' id='word_1_114' title='bbox 2013 2477 2154 2549; x_wconf 91' lang='lat' dir='ltr'>compe-</span> 
     </span>
     <span class='ocr_line' id='line_1_14' title="bbox 335 2575 2153 2673; baseline 0.001 -25"><span class='ocrx_word' id='word_1_115' title='bbox 335 2579 501 2650; x_wconf 90' lang='lat' dir='ltr'>scendam</span> <span class='ocrx_word' id='word_1_116' title='bbox 530 2576 690 2649; x_wconf 87' lang='lat' dir='ltr'>Thadaei</span> <span class='ocrx_word' id='word_1_117' title='bbox 718 2577 761 2648; x_wconf 88' lang='lat' dir='ltr'>de</span> <span class='ocrx_word' id='word_1_118' title='bbox 791 2576 935 2673; x_wconf 89' lang='lat' dir='ltr'>Pepulis</span> <span class='ocrx_word' id='word_1_119' title='bbox 964 2599 1005 2648; x_wconf 89' lang='lat' dir='ltr'>ac</span> <span class='ocrx_word' id='word_1_120' title='bbox 1034 2575 1310 2648; x_wconf 90' lang='lat' dir='ltr'>Bononiensium</span> <span class='ocrx_word' id='word_1_121' title='bbox 1340 2577 1496 2648; x_wconf 91' lang='lat' dir='ltr'>omnium</span> <span class='ocrx_word' id='word_1_122' title='bbox 1516 2577 1787 2672; x_wconf 85' lang='lat' dir='ltr'>contumaciam,</span> <span class='ocrx_word' id='word_1_123' title='bbox 1808 2602 1965 2650; x_wconf 89' lang='lat' dir='ltr'>summus</span> <span class='ocrx_word' id='word_1_124' title='bbox 1985 2577 2153 2650; x_wconf 86' lang='lat' dir='ltr'>Pontifex</span> 
     </span>
     <span class='ocr_line' id='line_1_15' title="bbox 335 2700 2155 2798; baseline 0.001 -24"><span class='ocrx_word' id='word_1_125' title='bbox 335 2725 503 2775; x_wconf 86' lang='lat' dir='ltr'>censuras</span> <span class='ocrx_word' id='word_1_126' title='bbox 523 2701 781 2774; x_wconf 88' lang='lat' dir='ltr'>ecclesiasticas</span> <span class='ocrx_word' id='word_1_127' title='bbox 800 2709 836 2774; x_wconf 88' lang='lat' dir='ltr'>et</span> <span class='ocrx_word' id='word_1_128' title='bbox 856 2700 1085 2773; x_wconf 88' lang='lat' dir='ltr'>interdictum</span> <span class='ocrx_word' id='word_1_129' title='bbox 1104 2700 1147 2771; x_wconf 90' lang='lat' dir='ltr'>in·</span> <span class='ocrx_word' id='word_1_130' title='bbox 1159 2700 1375 2796; x_wconf 90' lang='lat' dir='ltr'>amplissima</span> <span class='ocrx_word' id='word_1_131' title='bbox 1394 2702 1510 2773; x_wconf 93' lang='lat' dir='ltr'>forma</span> <span class='ocrx_word' id='word_1_132' title='bbox 1529 2701 1784 2798; x_wconf 81' lang='lat' dir='ltr'>publicaverat,</span> <span class='ocrx_word' id='word_1_133' title='bbox 1803 2703 1947 2776; x_wconf 90' lang='lat' dir='ltr'>tandem</span> <span class='ocrx_word' id='word_1_134' title='bbox 1966 2702 2155 2798; x_wconf 91' lang='lat' dir='ltr'>aliquando</span> 
     </span>
     <span class='ocr_line' id='line_1_16' title="bbox 334 2826 2155 2922; baseline -0.001 -21"><span class='ocrx_word' id='word_1_135' title='bbox 334 2829 380 2901; x_wconf 90' lang='lat' dir='ltr'>ad</span> <span class='ocrx_word' id='word_1_136' title='bbox 408 2827 526 2901; x_wconf 90' lang='lat' dir='ltr'>lumen</span> <span class='ocrx_word' id='word_1_137' title='bbox 556 2827 717 2900; x_wconf 88' lang='lat' dir='ltr'>veritatis</span> <span class='ocrx_word' id='word_1_138' title='bbox 746 2827 883 2899; x_wconf 90' lang='lat' dir='ltr'>sincero</span> <span class='ocrx_word' id='word_1_139' title='bbox 917 2827 1022 2898; x_wconf 90' lang='lat' dir='ltr'>corde</span> <span class='ocrx_word' id='word_1_140' title='bbox 1058 2827 1174 2898; x_wconf 92' lang='lat' dir='ltr'>redire</span> <span class='ocrx_word' id='word_1_141' title='bbox 1207 2827 1410 2922; x_wconf 89' lang='lat' dir='ltr'>cupientes,</span> <span class='ocrx_word' id='word_1_142' title='bbox 1439 2826 1682 2900; x_wconf 90' lang='lat' dir='ltr'>Bononienses</span> <span class='ocrx_word' id='word_1_143' title='bbox 1719 2828 1891 2901; x_wconf 88' lang='lat' dir='ltr'>miserunt</span> <span class='ocrx_word' id='word_1_144' title='bbox 1925 2829 1970 2900; x_wconf 90' lang='lat' dir='ltr'>ad</span> <span class='ocrx_word' id='word_1_145' title='bbox 2010 2827 2155 2901; x_wconf 86' lang='lat' dir='ltr'>Curiam</span> 
     </span>
     <span class='ocr_line' id='line_1_17' title="bbox 336 2951 2155 3049; baseline 0.001 -24"><span class='ocrx_word' id='word_1_146' title='bbox 336 2953 544 3048; x_wconf 84' lang='lat' dir='ltr'>magistrum</span> <span class='ocrx_word' id='word_1_147' title='bbox 573 2953 721 3025; x_wconf 89' lang='lat' dir='ltr'>Petrum</span> <span class='ocrx_word' id='word_1_148' title='bbox 750 2951 793 3024; x_wconf 93' lang='lat' dir='ltr'>de</span> <span class='ocrx_word' id='word_1_149' title='bbox 822 2952 1024 3049; x_wconf 87' lang='lat' dir='ltr'>Bonpetris,</span> <span class='ocrx_word' id='word_1_150' title='bbox 1053 2977 1118 3023; x_wconf 90' lang='lat' dir='ltr'>nec</span> <span class='ocrx_word' id='word_1_151' title='bbox 1147 2976 1218 3023; x_wconf 92' lang='lat' dir='ltr'>non</span> <span class='ocrx_word' id='word_1_152' title='bbox 1246 2952 1456 3046; x_wconf 83' lang='lat' dir='ltr'>magistrum</span> <span class='ocrx_word' id='word_1_153' title='bbox 1482 2951 1775 3025; x_wconf 86' lang='lat' dir='ltr'>Bonaventuram</span> <span class='ocrx_word' id='word_1_154' title='bbox 1803 2954 2016 3025; x_wconf 90' lang='lat' dir='ltr'>Jacobiuum</span> <span class='ocrx_word' id='word_1_155' title='bbox 2044 2955 2155 3026; x_wconf 90' lang='lat' dir='ltr'>bono·</span> 
     </span>
     <span class='ocr_line' id='line_1_18' title="bbox 334 3076 2156 3173; baseline 0.001 -23"><span class='ocrx_word' id='word_1_156' title='bbox 334 3079 464 3151; x_wconf 90' lang='lat' dir='ltr'>niensis</span> <span class='ocrx_word' id='word_1_157' title='bbox 494 3076 622 3150; x_wconf 85' lang='lat' dir='ltr'>Curiae</span> <span class='ocrx_word' id='word_1_158' title='bbox 652 3077 815 3149; x_wconf 91' lang='lat' dir='ltr'>doctores</span> <span class='ocrx_word' id='word_1_159' title='bbox 835 3084 870 3149; x_wconf 88' lang='lat' dir='ltr'>et</span> <span class='ocrx_word' id='word_1_160' title='bbox 899 3077 1075 3172; x_wconf 84' lang='lat' dir='ltr'>syndicos,</span> <span class='ocrx_word' id='word_1_161' title='bbox 1096 3076 1350 3149; x_wconf 84' lang='lat' dir='ltr'>Universitatis</span> <span class='ocrx_word' id='word_1_162' title='bbox 1370 3077 1573 3173; x_wconf 88' lang='lat' dir='ltr'>praedictae</span> <span class='ocrx_word' id='word_1_163' title='bbox 1593 3077 1745 3173; x_wconf 92' lang='lat' dir='ltr'>nomine,</span> <span class='ocrx_word' id='word_1_164' title='bbox 1767 3077 1947 3150; x_wconf 88' lang='lat' dir='ltr'>humiliter</span> <span class='ocrx_word' id='word_1_165' title='bbox 1966 3088 2156 3152; x_wconf 85' lang='lat' dir='ltr'>exorantes</span> 
     </span>
     <span class='ocr_line' id='line_1_19' title="bbox 334 3201 2156 3300; baseline 0 -24"><span class='ocrx_word' id='word_1_166' title='bbox 334 3213 373 3276; x_wconf 92' lang='lat' dir='ltr'>ut</span> <span class='ocrx_word' id='word_1_167' title='bbox 402 3204 572 3276; x_wconf 83' lang='lat' dir='ltr'>sanctitas</span> <span class='ocrx_word' id='word_1_168' title='bbox 601 3227 666 3275; x_wconf 90' lang='lat' dir='ltr'>sua</span> <span class='ocrx_word' id='word_1_169' title='bbox 694 3203 902 3297; x_wconf 82' lang='lat' dir='ltr'>dignaretur</span> <span class='ocrx_word' id='word_1_170' title='bbox 931 3203 977 3275; x_wconf 94' lang='lat' dir='ltr'>ad</span> <span class='ocrx_word' id='word_1_171' title='bbox 1003 3201 1177 3296; x_wconf 82' lang='lat' dir='ltr'>gremium</span> <span class='ocrx_word' id='word_1_172' title='bbox 1207 3211 1351 3275; x_wconf 88' lang='lat' dir='ltr'>sanctae</span> <span class='ocrx_word' id='word_1_173' title='bbox 1381 3201 1481 3274; x_wconf 84' lang='lat' dir='ltr'>Sedis</span> <span class='ocrx_word' id='word_1_174' title='bbox 1509 3227 1569 3275; x_wconf 91' lang='lat' dir='ltr'>eos</span> <span class='ocrx_word' id='word_1_175' title='bbox 1594 3202 1764 3299; x_wconf 90' lang='lat' dir='ltr'>recipere,</span> <span class='ocrx_word' id='word_1_176' title='bbox 1784 3203 1977 3300; x_wconf 90' lang='lat' dir='ltr'>eodemque</span> <span class='ocrx_word' id='word_1_177' title='bbox 1998 3213 2156 3300; x_wconf 86' lang='lat' dir='ltr'>ternpore</span> 
     </span>
     <span class='ocr_line' id='line_1_20' title="bbox 335 3326 2156 3424; baseline 0 -23"><span class='ocrx_word' id='word_1_178' title='bbox 335 3329 516 3401; x_wconf 89' lang='lat' dir='ltr'>declarare</span> <span class='ocrx_word' id='word_1_179' title='bbox 546 3338 581 3401; x_wconf 92' lang='lat' dir='ltr'>et</span> <span class='ocrx_word' id='word_1_180' title='bbox 610 3328 786 3401; x_wconf 90' lang='lat' dir='ltr'>moderari</span> <span class='ocrx_word' id='word_1_181' title='bbox 815 3328 933 3400; x_wconf 93' lang='lat' dir='ltr'>omnia</span> <span class='ocrx_word' id='word_1_182' title='bbox 962 3327 1068 3399; x_wconf 91' lang='lat' dir='ltr'>dubia</span> <span class='ocrx_word' id='word_1_183' title='bbox 1098 3328 1243 3423; x_wconf 89' lang='lat' dir='ltr'>quaein</span> <span class='ocrx_word' id='word_1_184' title='bbox 1265 3327 1386 3424; x_wconf 89' lang='lat' dir='ltr'>primis</span> <span class='ocrx_word' id='word_1_185' title='bbox 1414 3326 1711 3400; x_wconf 85' lang='lat' dir='ltr'>reconciliationis</span> <span class='ocrx_word' id='word_1_186' title='bbox 1734 3327 1846 3401; x_wconf 90' lang='lat' dir='ltr'>literis</span> <span class='ocrx_word' id='word_1_187' title='bbox 1872 3329 2156 3402; x_wconf 89' lang='lat' dir='ltr'>continebantur.</span> 
     </span>
     <span class='ocr_line' id='line_1_21' title="bbox 336 3451 2156 3550; baseline -0.001 -24"><span class='ocrx_word' id='word_1_188' title='bbox 336 3454 504 3527; x_wconf 85' lang='lat' dir='ltr'>Pontifex</span> <span class='ocrx_word' id='word_1_189' title='bbox 533 3455 653 3550; x_wconf 85' lang='lat' dir='ltr'>itaque</span> <span class='ocrx_word' id='word_1_190' title='bbox 681 3453 718 3525; x_wconf 93' lang='lat' dir='ltr'>in</span> <span class='ocrx_word' id='word_1_191' title='bbox 745 3452 813 3524; x_wconf 90' lang='lat' dir='ltr'>hac</span> <span class='ocrx_word' id='word_1_192' title='bbox 842 3451 991 3549; x_wconf 89' lang='lat' dir='ltr'>epistola</span> <span class='ocrx_word' id='word_1_193' title='bbox 1020 3452 1063 3524; x_wconf 91' lang='lat' dir='ltr'>de</span> <span class='ocrx_word' id='word_1_194' title='bbox 1092 3452 1148 3524; x_wconf 90' lang='lat' dir='ltr'>his</span> <span class='ocrx_word' id='word_1_195' title='bbox 1176 3452 1338 3524; x_wconf 87' lang='lat' dir='ltr'>omnibus</span> <span class='ocrx_word' id='word_1_196' title='bbox 1375 3451 1633 3525; x_wconf 90' lang='lat' dir='ltr'>Beltraminum</span> <span class='ocrx_word' id='word_1_197' title='bbox 1673 3452 1775 3549; x_wconf 92' lang='lat' dir='ltr'>plene</span> <span class='ocrx_word' id='word_1_198' title='bbox 1812 3454 2011 3548; x_wconf 88' lang='lat' dir='ltr'>instruens,</span> <span class='ocrx_word' id='word_1_199' title='bbox 2041 3478 2083 3527; x_wconf 92' lang='lat' dir='ltr'>ac</span> <span class='ocrx_word' id='word_1_200' title='bbox 2120 3455 2156 3525; x_wconf 93' lang='lat' dir='ltr'>in</span> 
     </span>
     <span class='ocr_line' id='line_1_22' title="bbox 335 3577 2158 3675; baseline 0 -24"><span class='ocrx_word' id='word_1_201' title='bbox 335 3579 507 3652; x_wconf 90' lang='lat' dir='ltr'>uberioris</span> <span class='ocrx_word' id='word_1_202' title='bbox 527 3579 769 3651; x_wconf 86' lang='lat' dir='ltr'>instructionis</span> <span class='ocrx_word' id='word_1_203' title='bbox 795 3577 1120 3675; x_wconf 89' lang='lat' dir='ltr'>comprobationem</span> <span class='ocrx_word' id='word_1_204' title='bbox 1146 3602 1277 3650; x_wconf 85' lang='lat' dir='ltr'>novam</span> <span class='ocrx_word' id='word_1_205' title='bbox 1296 3577 1490 3675; x_wconf 90' lang='lat' dir='ltr'>promissae</span> <span class='ocrx_word' id='word_1_206' title='bbox 1510 3578 1805 3651; x_wconf 86' lang='lat' dir='ltr'>reconciliationis</span> <span class='ocrx_word' id='word_1_207' title='bbox 1825 3588 1860 3650; x_wconf 93' lang='lat' dir='ltr'>et</span> <span class='ocrx_word' id='word_1_208' title='bbox 1880 3579 2004 3652; x_wconf 84' lang='lat' dir='ltr'>veniae</span> <span class='ocrx_word' id='word_1_209' title='bbox 2024 3578 2158 3652; x_wconf 91' lang='lat' dir='ltr'>bullam</span> 
     </span>
     <span class='ocr_line' id='line_1_23' title="bbox 336 3701 2156 3800; baseline 0.001 -26"><span class='ocrx_word' id='word_1_210' title='bbox 336 3703 477 3798; x_wconf 87' lang='lat' dir='ltr'>inferes,</span> <span class='ocrx_word' id='word_1_211' title='bbox 504 3703 618 3774; x_wconf 91' lang='lat' dir='ltr'>eidem</span> <span class='ocrx_word' id='word_1_212' title='bbox 647 3703 805 3774; x_wconf 89' lang='lat' dir='ltr'>districte</span> <span class='ocrx_word' id='word_1_213' title='bbox 835 3702 1024 3774; x_wconf 90' lang='lat' dir='ltr'>committit</span> <span class='ocrx_word' id='word_1_214' title='bbox 1054 3709 1094 3773; x_wconf 89' lang='lat' dir='ltr'>ut</span> <span class='ocrx_word' id='word_1_215' title='bbox 1122 3701 1215 3775; x_wconf 93' lang='lat' dir='ltr'>illico</span> <span class='ocrx_word' id='word_1_216' title='bbox 1243 3701 1442 3775; x_wconf 86' lang='lat' dir='ltr'>Bononiam</span> <span class='ocrx_word' id='word_1_217' title='bbox 1471 3725 1508 3774; x_wconf 89' lang='lat' dir='ltr'>se</span> <span class='ocrx_word' id='word_1_218' title='bbox 1536 3703 1708 3799; x_wconf 88' lang='lat' dir='ltr'>conferat,</span> <span class='ocrx_word' id='word_1_219' title='bbox 1733 3703 1851 3799; x_wconf 87' lang='lat' dir='ltr'>ibique</span> <span class='ocrx_word' id='word_1_220' title='bbox 1879 3703 2032 3800; x_wconf 89' lang='lat' dir='ltr'>receptis</span> <span class='ocrx_word' id='word_1_221' title='bbox 2055 3703 2156 3799; x_wconf 91' lang='lat' dir='ltr'>jura-</span> 
     </span>
     <span class='ocr_line' id='line_1_24' title="bbox 335 3827 2157 3925; baseline 0 -25"><span class='ocrx_word' id='word_1_222' title='bbox 335 3829 463 3902; x_wconf 88' lang='lat' dir='ltr'>mentis</span> <span class='ocrx_word' id='word_1_223' title='bbox 493 3836 528 3900; x_wconf 92' lang='lat' dir='ltr'>et</span> <span class='ocrx_word' id='word_1_224' title='bbox 557 3828 835 3900; x_wconf 86' lang='lat' dir='ltr'>confessionibus</span> <span class='ocrx_word' id='word_1_225' title='bbox 870 3851 977 3925; x_wconf 91' lang='lat' dir='ltr'>super</span> <span class='ocrx_word' id='word_1_226' title='bbox 1013 3827 1160 3924; x_wconf 85' lang='lat' dir='ltr'>antiqua</span> <span class='ocrx_word' id='word_1_227' title='bbox 1194 3835 1229 3900; x_wconf 89' lang='lat' dir='ltr'>et</span> <span class='ocrx_word' id='word_1_228' title='bbox 1259 3827 1428 3900; x_wconf 89' lang='lat' dir='ltr'>moderna</span> <span class='ocrx_word' id='word_1_229' title='bbox 1456 3827 1674 3923; x_wconf 88' lang='lat' dir='ltr'>subjectione</span> <span class='ocrx_word' id='word_1_230' title='bbox 1704 3827 1874 3921; x_wconf 83' lang='lat' dir='ltr'>civitatis,</span> <span class='ocrx_word' id='word_1_231' title='bbox 1905 3829 2093 3901; x_wconf 88' lang='lat' dir='ltr'>comitatus</span> <span class='ocrx_word' id='word_1_232' title='bbox 2122 3837 2157 3900; x_wconf 92' lang='lat' dir='ltr'>et</span> 
     </span>
     <span class='ocr_line' id='line_1_25' title="bbox 336 3952 2158 4050; baseline 0 -26"><span class='ocrx_word' id='word_1_233' title='bbox 336 3954 518 4026; x_wconf 88' lang='lat' dir='ltr'>districtus</span> <span class='ocrx_word' id='word_1_234' title='bbox 546 3953 774 4026; x_wconf 90' lang='lat' dir='ltr'>bononiensis</span> <span class='ocrx_word' id='word_1_235' title='bbox 803 3977 889 4047; x_wconf 83' lang='lat' dir='ltr'>erga</span> <span class='ocrx_word' id='word_1_236' title='bbox 918 3956 1079 4025; x_wconf 88' lang='lat' dir='ltr'>sanctam</span> <span class='ocrx_word' id='word_1_237' title='bbox 1107 3952 1235 4025; x_wconf 86' lang='lat' dir='ltr'>Sedem</span> <span class='ocrx_word' id='word_1_238' title='bbox 1263 3977 1328 4025; x_wconf 92' lang='lat' dir='ltr'>nec</span> <span class='ocrx_word' id='word_1_239' title='bbox 1352 3977 1422 4026; x_wconf 90' lang='lat' dir='ltr'>non</span> <span class='ocrx_word' id='word_1_240' title='bbox 1442 3977 1549 4050; x_wconf 89' lang='lat' dir='ltr'>super</span> <span class='ocrx_word' id='word_1_241' title='bbox 1568 3954 1809 4050; x_wconf 86' lang='lat' dir='ltr'>praestatione</span> <span class='ocrx_word' id='word_1_242' title='bbox 1829 3977 1966 4050; x_wconf 89' lang='lat' dir='ltr'>census,</span> <span class='ocrx_word' id='word_1_243' title='bbox 1987 3978 2058 4026; x_wconf 90' lang='lat' dir='ltr'>una</span> <span class='ocrx_word' id='word_1_244' title='bbox 2078 3978 2158 4026; x_wconf 93' lang='lat' dir='ltr'>cum</span> 
     </span>
     <span class='ocr_line' id='line_1_26' title="bbox 336 4076 2251 4176; baseline -0.001 -25"><span class='ocrx_word' id='word_1_245' title='bbox 336 4080 511 4152; x_wconf 88' lang='lat' dir='ltr'>contentis</span> <span class='ocrx_word' id='word_1_246' title='bbox 539 4079 576 4150; x_wconf 91' lang='lat' dir='ltr'>in</span> <span class='ocrx_word' id='word_1_247' title='bbox 604 4077 682 4150; x_wconf 92' lang='lat' dir='ltr'>aliis</span> <span class='ocrx_word' id='word_1_248' title='bbox 707 4077 818 4150; x_wconf 89' lang='lat' dir='ltr'>literis</span> <span class='ocrx_word' id='word_1_249' title='bbox 838 4076 1040 4174; x_wconf 88' lang='lat' dir='ltr'>apostolicis</span> <span class='ocrx_word' id='word_1_250' title='bbox 1061 4102 1151 4174; x_wconf 90' lang='lat' dir='ltr'>quae</span> <span class='ocrx_word' id='word_1_251' title='bbox 1175 4077 1366 4174; x_wconf 90' lang='lat' dir='ltr'>incipiunt:</span> <span class='ocrx_word' id='word_1_252' title='bbox 1395 4106 1412 4146; x_wconf 80' lang='lat' dir='ltr'>c</span> <span class='ocrx_word' id='word_1_253' title='bbox 1434 4078 1608 4170; x_wconf 67' lang='lat' dir='ltr'>Quosdam</span> <span class='ocrx_word' id='word_1_254' title='bbox 1627 4081 1717 4151; x_wconf 84' lang='lat' dir='ltr'>sicut</span> <span class='ocrx_word' id='word_1_255' title='bbox 1735 4103 1771 4174; x_wconf 87' lang='lat'>›&gt;,</span> <span class='ocrx_word' id='word_1_256' title='bbox 1793 4103 1857 4176; x_wconf 90' lang='lat' dir='ltr'>pro</span> <span class='ocrx_word' id='word_1_257' title='bbox 1877 4077 2001 4151; x_wconf 89' lang='lat' dir='ltr'>iisdem</span> <span class='ocrx_word' id='word_1_258' title='bbox 2020 4078 2157 4151; x_wconf 90' lang='lat' dir='ltr'>actibus</span> <span class='ocrx_word' id='word_1_259' title='bbox 2244 4079 2251 4093; x_wconf 90' lang='lat'>&#39;</span> 
     </span>
     <span class='ocr_line' id='line_1_27' title="bbox 336 4202 2156 4301; baseline -0.001 -25"><span class='ocrx_word' id='word_1_260' title='bbox 336 4204 603 4277; x_wconf 90' lang='lat' dir='ltr'>circumscribat</span> <span class='ocrx_word' id='word_1_261' title='bbox 631 4211 667 4276; x_wconf 91' lang='lat' dir='ltr'>et</span> <span class='ocrx_word' id='word_1_262' title='bbox 694 4202 869 4300; x_wconf 86' lang='lat' dir='ltr'>praefigat</span> <span class='ocrx_word' id='word_1_263' title='bbox 896 4211 1037 4300; x_wconf 90' lang='lat' dir='ltr'>tempus</span> <span class='ocrx_word' id='word_1_264' title='bbox 1066 4203 1159 4276; x_wconf 90' lang='lat' dir='ltr'>infra</span> <span class='ocrx_word' id='word_1_265' title='bbox 1186 4202 1358 4276; x_wconf 89' lang='lat' dir='ltr'>kalendas</span> <span class='ocrx_word' id='word_1_266' title='bbox 1387 4203 1516 4276; x_wconf 88' lang='lat' dir='ltr'>mensis</span> <span class='ocrx_word' id='word_1_267' title='bbox 1553 4204 1764 4301; x_wconf 86' lang='lat' dir='ltr'>septembris</span> <span class='ocrx_word' id='word_1_268' title='bbox 1799 4204 1959 4301; x_wconf 79' lang='lat' dir='ltr'>proxime</span> <span class='ocrx_word' id='word_1_269' title='bbox 1996 4204 2156 4300; x_wconf 90' lang='lat' dir='ltr'>futuras,</span> 
     </span>
     <span class='ocr_line' id='line_1_28' title="bbox 336 4327 2159 4426; baseline 0 -25"><span class='ocrx_word' id='word_1_270' title='bbox 336 4354 401 4402; x_wconf 91' lang='lat' dir='ltr'>nec</span> <span class='ocrx_word' id='word_1_271' title='bbox 430 4354 499 4401; x_wconf 94' lang='lat' dir='ltr'>non</span> <span class='ocrx_word' id='word_1_272' title='bbox 529 4329 780 4402; x_wconf 90' lang='lat' dir='ltr'>moderationis</span> <span class='ocrx_word' id='word_1_273' title='bbox 808 4327 931 4400; x_wconf 90' lang='lat' dir='ltr'>literas</span> <span class='ocrx_word' id='word_1_274' title='bbox 960 4328 1134 4426; x_wconf 87' lang='lat' dir='ltr'>publicet,</span> <span class='ocrx_word' id='word_1_275' title='bbox 1165 4329 1361 4402; x_wconf 91' lang='lat' dir='ltr'>sententias</span> <span class='ocrx_word' id='word_1_276' title='bbox 1389 4353 1619 4402; x_wconf 86' lang='lat' dir='ltr'>censurarum</span> <span class='ocrx_word' id='word_1_277' title='bbox 1648 4337 1684 4402; x_wconf 92' lang='lat' dir='ltr'>et</span> <span class='ocrx_word' id='word_1_278' title='bbox 1712 4329 1891 4402; x_wconf 87' lang='lat' dir='ltr'>interdicti</span> <span class='ocrx_word' id='word_1_279' title='bbox 1919 4328 2088 4426; x_wconf 89' lang='lat' dir='ltr'>inhibeat,</span> <span class='ocrx_word' id='word_1_280' title='bbox 2117 4353 2159 4402; x_wconf 90' lang='lat' dir='ltr'>ac</span> 
     </span>
     <span class='ocr_line' id='line_1_29' title="bbox 337 4453 2157 4552; baseline -0.001 -25"><span class='ocrx_word' id='word_1_281' title='bbox 337 4455 480 4527; x_wconf 89' lang='lat' dir='ltr'>tandem</span> <span class='ocrx_word' id='word_1_282' title='bbox 510 4455 692 4527; x_wconf 88' lang='lat' dir='ltr'>civitatem</span> <span class='ocrx_word' id='word_1_283' title='bbox 720 4479 762 4526; x_wconf 89' lang='lat' dir='ltr'>ac</span> <span class='ocrx_word' id='word_1_284' title='bbox 791 4453 909 4526; x_wconf 87' lang='lat' dir='ltr'>omnia</span> <span class='ocrx_word' id='word_1_285' title='bbox 936 4453 1122 4551; x_wconf 80' lang='lat' dir='ltr'>privilegia</span> <span class='ocrx_word' id='word_1_286' title='bbox 1141 4455 1347 4550; x_wconf 82' lang='lat' dir='ltr'>reintegret.</span> <span class='ocrx_word' id='word_1_287' title='bbox 1367 4454 1502 4527; x_wconf 88' lang='lat' dir='ltr'>Datum</span> <span class='ocrx_word' id='word_1_288' title='bbox 1521 4454 1711 4550; x_wconf 83' lang='lat' dir='ltr'>Avenioni,</span> <span class='ocrx_word' id='word_1_289' title='bbox 1732 4455 1857 4528; x_wconf 85' lang='lat' dir='ltr'><strong>XVII.</strong></span> <span class='ocrx_word' id='word_1_290' title='bbox 1878 4455 2049 4527; x_wconf 88' lang='lat' dir='ltr'>kalendas</span> <span class='ocrx_word' id='word_1_291' title='bbox 2065 4454 2157 4552; x_wconf 90' lang='lat' dir='ltr'>julii,</span> 
     </span>
     <span class='ocr_line' id='line_1_30' title="bbox 338 4578 629 4653; baseline -0.003 0"><span class='ocrx_word' id='word_1_292' title='bbox 338 4604 431 4653; x_wconf 90' lang='lat' dir='ltr'>anno</span> <span class='ocrx_word' id='word_1_293' title='bbox 460 4588 562 4653; x_wconf 89' lang='lat' dir='ltr'>sexto</span> <span class='ocrx_word' id='word_1_294' title='bbox 578 4578 629 4652; x_wconf 79' lang='lat'><strong>(³).</strong></span> 
     </span>
    </p>

    <p class='ocr_par' dir='ltr' id='par_1_7' title="bbox 337 4704 2162 6181">
     <span class='ocr_line' id='line_1_31' title="bbox 443 4704 2160 4804; baseline 0 -26"><span class='ocrx_word' id='word_1_295' title='bbox 443 4705 588 4778; x_wconf 89' lang='lat' dir='ltr'>Eidem:</span> <span class='ocrx_word' id='word_1_296' title='bbox 619 4705 707 4777; x_wconf 89' lang='lat' dir='ltr'>haec</span> <span class='ocrx_word' id='word_1_297' title='bbox 736 4713 790 4777; x_wconf 90' lang='lat' dir='ltr'>est</span> <span class='ocrx_word' id='word_1_298' title='bbox 818 4704 970 4802; x_wconf 90' lang='lat' dir='ltr'>epistola</span> <span class='ocrx_word' id='word_1_299' title='bbox 999 4728 1090 4800; x_wconf 90' lang='lat' dir='ltr'>quae</span> <span class='ocrx_word' id='word_1_300' title='bbox 1119 4704 1262 4802; x_wconf 88' lang='lat' dir='ltr'>incipit:</span> <span class='ocrx_word' id='word_1_301' title='bbox 1289 4733 1307 4774; x_wconf 73' lang='lat' dir='ltr'>c</span> <span class='ocrx_word' id='word_1_302' title='bbox 1330 4705 1506 4797; x_wconf 81' lang='lat' dir='ltr'>Quoniam</span> <span class='ocrx_word' id='word_1_303' title='bbox 1525 4707 1616 4779; x_wconf 82' lang='lat' dir='ltr'>sicat</span> <span class='ocrx_word' id='word_1_304' title='bbox 1636 4733 1671 4802; x_wconf 75' lang='lat' dir='ltr'>a,</span> <span class='ocrx_word' id='word_1_305' title='bbox 1692 4705 1729 4778; x_wconf 91' lang='lat' dir='ltr'>in</span> <span class='ocrx_word' id='word_1_306' title='bbox 1757 4731 1827 4802; x_wconf 91' lang='lat' dir='ltr'>qua</span> <span class='ocrx_word' id='word_1_307' title='bbox 1854 4707 2035 4804; x_wconf 81' lang='lat' dir='ltr'>Pontiferr,</span> <span class='ocrx_word' id='word_1_308' title='bbox 2056 4732 2100 4780; x_wconf 89' lang='lat' dir='ltr'>ne</span> <span class='ocrx_word' id='word_1_309' title='bbox 2124 4709 2160 4779; x_wconf 91' lang='lat' dir='ltr'>in</span> 
     </span>
     <span class='ocr_line' id='line_1_32' title="bbox 337 4830 2159 4929; baseline 0.001 -27"><span class='ocrx_word' id='word_1_310' title='bbox 337 4831 507 4926; x_wconf 84' lang='lat' dir='ltr'>regimine</span> <span class='ocrx_word' id='word_1_311' title='bbox 535 4830 744 4904; x_wconf 90' lang='lat' dir='ltr'>bononiensi</span> <span class='ocrx_word' id='word_1_312' title='bbox 771 4830 1057 4902; x_wconf 85' lang='lat' dir='ltr'>inconvenientia</span> <span class='ocrx_word' id='word_1_313' title='bbox 1085 4830 1289 4926; x_wconf 88' lang='lat' dir='ltr'>succedant,</span> <span class='ocrx_word' id='word_1_314' title='bbox 1315 4830 1508 4904; x_wconf 90' lang='lat' dir='ltr'>demandat</span> <span class='ocrx_word' id='word_1_315' title='bbox 1536 4832 1651 4904; x_wconf 93' lang='lat' dir='ltr'>eidem</span> <span class='ocrx_word' id='word_1_316' title='bbox 1678 4830 1820 4904; x_wconf 89' lang='lat' dir='ltr'>Nuncio</span> <span class='ocrx_word' id='word_1_317' title='bbox 1850 4833 1943 4928; x_wconf 88' lang='lat' dir='ltr'>qued</span> <span class='ocrx_word' id='word_1_318' title='bbox 1971 4841 2159 4929; x_wconf 88' lang='lat' dir='ltr'>postquam</span> 
     </span>
     <span class='ocr_line' id='line_1_33' title="bbox 338 4955 2157 5054; baseline 0.001 -26"><span class='ocrx_word' id='word_1_319' title='bbox 338 4956 530 5028; x_wconf 89' lang='lat' dir='ltr'>obtinuerit</span> <span class='ocrx_word' id='word_1_320' title='bbox 558 4956 830 5028; x_wconf 87' lang='lat' dir='ltr'>ratificationem</span> <span class='ocrx_word' id='word_1_321' title='bbox 858 4955 1090 5053; x_wconf 89' lang='lat' dir='ltr'>possessionis</span> <span class='ocrx_word' id='word_1_322' title='bbox 1120 4955 1275 5028; x_wconf 83' lang='lat' dir='ltr'>civitatis</span> <span class='ocrx_word' id='word_1_323' title='bbox 1293 4955 1475 5030; x_wconf 88' lang='lat' dir='ltr'>Bononiae</span> <span class='ocrx_word' id='word_1_324' title='bbox 1490 4957 1599 5052; x_wconf 83' lang='lat' dir='ltr'>juxta</span> <span class='ocrx_word' id='word_1_325' title='bbox 1618 4957 1769 5029; x_wconf 91' lang='lat' dir='ltr'>formam</span> <span class='ocrx_word' id='word_1_326' title='bbox 1790 4956 1938 5030; x_wconf 86' lang='lat' dir='ltr'>aliarum</span> <span class='ocrx_word' id='word_1_327' title='bbox 1958 4957 2157 5054; x_wconf 87' lang='lat' dir='ltr'>literarum,</span> 
     </span>
     <span class='ocr_line' id='line_1_34' title="bbox 337 5080 2158 5178; baseline 0.001 -24"><span class='ocrx_word' id='word_1_328' title='bbox 337 5080 444 5154; x_wconf 81' lang='lat' dir='ltr'>salvis</span> <span class='ocrx_word' id='word_1_329' title='bbox 473 5106 612 5178; x_wconf 89' lang='lat' dir='ltr'>semper</span> <span class='ocrx_word' id='word_1_330' title='bbox 641 5081 851 5177; x_wconf 89' lang='lat' dir='ltr'>quibusdam</span> <span class='ocrx_word' id='word_1_331' title='bbox 881 5080 1178 5154; x_wconf 90' lang='lat' dir='ltr'>declarationibus</span> <span class='ocrx_word' id='word_1_332' title='bbox 1202 5105 1309 5178; x_wconf 90' lang='lat' dir='ltr'>super</span> <span class='ocrx_word' id='word_1_333' title='bbox 1328 5082 1434 5154; x_wconf 89' lang='lat' dir='ltr'>certis</span> <span class='ocrx_word' id='word_1_334' title='bbox 1454 5082 1612 5155; x_wconf 87' lang='lat' dir='ltr'>articulis</span> <span class='ocrx_word' id='word_1_335' title='bbox 1633 5083 1668 5154; x_wconf 93' lang='lat' dir='ltr'>in</span> <span class='ocrx_word' id='word_1_336' title='bbox 1688 5082 1820 5156; x_wconf 91' lang='lat' dir='ltr'>eisdem</span> <span class='ocrx_word' id='word_1_337' title='bbox 1839 5082 1951 5156; x_wconf 90' lang='lat' dir='ltr'>literis</span> <span class='ocrx_word' id='word_1_338' title='bbox 1972 5084 2158 5178; x_wconf 90' lang='lat' dir='ltr'>contentis,</span> 
     </span>
     <span class='ocr_line' id='line_1_35' title="bbox 337 5205 2161 5306; baseline 0.002 -28"><span class='ocrx_word' id='word_1_339' title='bbox 337 5207 380 5278; x_wconf 93' lang='lat' dir='ltr'>de</span> <span class='ocrx_word' id='word_1_340' title='bbox 411 5207 537 5302; x_wconf 89' lang='lat' dir='ltr'>quibus</span> <span class='ocrx_word' id='word_1_341' title='bbox 565 5207 669 5301; x_wconf 92' lang='lat' dir='ltr'>infra,</span> <span class='ocrx_word' id='word_1_342' title='bbox 701 5207 830 5279; x_wconf 88' lang='lat' dir='ltr'>debeat</span> <span class='ocrx_word' id='word_1_343' title='bbox 857 5207 938 5278; x_wconf 89' lang='lat' dir='ltr'>inde</span> <span class='ocrx_word' id='word_1_344' title='bbox 968 5205 1136 5278; x_wconf 84' lang='lat' dir='ltr'>Thadaeo</span> <span class='ocrx_word' id='word_1_345' title='bbox 1166 5206 1209 5278; x_wconf 91' lang='lat' dir='ltr'>de</span> <span class='ocrx_word' id='word_1_346' title='bbox 1238 5205 1401 5303; x_wconf 90' lang='lat' dir='ltr'>Pepulis,</span> <span class='ocrx_word' id='word_1_347' title='bbox 1431 5206 1549 5301; x_wconf 83' lang='lat' dir='ltr'>legum</span> <span class='ocrx_word' id='word_1_348' title='bbox 1579 5207 1732 5304; x_wconf 91' lang='lat' dir='ltr'>doctori,</span> <span class='ocrx_word' id='word_1_349' title='bbox 1762 5208 1936 5305; x_wconf 89' lang='lat' dir='ltr'>impertiri</span> <span class='ocrx_word' id='word_1_350' title='bbox 1965 5208 2161 5306; x_wconf 87' lang='lat' dir='ltr'>plenariam</span> 
     </span>
     <span class='ocr_line' id='line_1_36' title="bbox 338 5331 2160 5427; baseline 0.001 -23"><span class='ocrx_word' id='word_1_351' title='bbox 338 5331 684 5404; x_wconf 89' lang='lat' dir='ltr'>administrationem</span> <span class='ocrx_word' id='word_1_352' title='bbox 707 5331 842 5427; x_wconf 88' lang='lat' dir='ltr'>jurium</span> <span class='ocrx_word' id='word_1_353' title='bbox 871 5340 907 5404; x_wconf 91' lang='lat' dir='ltr'>et</span> <span class='ocrx_word' id='word_1_354' title='bbox 935 5333 1108 5405; x_wconf 90' lang='lat' dir='ltr'>bonorum</span> <span class='ocrx_word' id='word_1_355' title='bbox 1139 5331 1295 5403; x_wconf 86' lang='lat' dir='ltr'>omniurn</span> <span class='ocrx_word' id='word_1_356' title='bbox 1324 5332 1370 5404; x_wconf 90' lang='lat' dir='ltr'>ad</span> <span class='ocrx_word' id='word_1_357' title='bbox 1398 5333 1547 5405; x_wconf 90' lang='lat' dir='ltr'>eandem</span> <span class='ocrx_word' id='word_1_358' title='bbox 1575 5357 1761 5406; x_wconf 91' lang='lat' dir='ltr'>romanam</span> <span class='ocrx_word' id='word_1_359' title='bbox 1788 5331 1986 5406; x_wconf 85' lang='lat' dir='ltr'>Ecclesiam</span> <span class='ocrx_word' id='word_1_360' title='bbox 2014 5335 2050 5406; x_wconf 92' lang='lat' dir='ltr'>in</span> <span class='ocrx_word' id='word_1_361' title='bbox 2074 5334 2160 5406; x_wconf 81' lang='lat' dir='ltr'>civi-</span> 
     </span>
     <span class='ocr_line' id='line_1_37' title="bbox 339 5455 2159 5555; baseline 0.002 -27"><span class='ocrx_word' id='word_1_362' title='bbox 339 5465 425 5551; x_wconf 90' lang='lat' dir='ltr'>tate,</span> <span class='ocrx_word' id='word_1_363' title='bbox 447 5455 618 5528; x_wconf 90' lang='lat' dir='ltr'>comitatu</span> <span class='ocrx_word' id='word_1_364' title='bbox 647 5465 682 5529; x_wconf 91' lang='lat' dir='ltr'>et</span> <span class='ocrx_word' id='word_1_365' title='bbox 711 5456 875 5529; x_wconf 89' lang='lat' dir='ltr'>districtu</span> <span class='ocrx_word' id='word_1_366' title='bbox 903 5457 1093 5553; x_wconf 88' lang='lat' dir='ltr'>praedictis</span> <span class='ocrx_word' id='word_1_367' title='bbox 1121 5456 1386 5554; x_wconf 90' lang='lat' dir='ltr'>pertinentium,</span> <span class='ocrx_word' id='word_1_368' title='bbox 1408 5457 1598 5530; x_wconf 92' lang='lat' dir='ltr'>dummodo</span> <span class='ocrx_word' id='word_1_369' title='bbox 1627 5466 1747 5530; x_wconf 89' lang='lat' dir='ltr'>tamen</span> <span class='ocrx_word' id='word_1_370' title='bbox 1775 5458 1978 5555; x_wconf 87' lang='lat' dir='ltr'>hujusmodi</span> <span class='ocrx_word' id='word_1_371' title='bbox 2006 5459 2159 5531; x_wconf 91' lang='lat' dir='ltr'>officium</span> 
     </span>
     <span class='ocr_line' id='line_1_38' title="bbox 337 5581 2160 5680; baseline 0.002 -27"><span class='ocrx_word' id='word_1_372' title='bbox 337 5581 382 5653; x_wconf 89' lang='lat' dir='ltr'>ad</span> <span class='ocrx_word' id='word_1_373' title='bbox 411 5581 603 5653; x_wconf 90' lang='lat' dir='ltr'>triennium</span> <span class='ocrx_word' id='word_1_374' title='bbox 630 5588 733 5675; x_wconf 82' lang='lat' dir='ltr'>gerat</span> <span class='ocrx_word' id='word_1_375' title='bbox 760 5581 901 5653; x_wconf 92' lang='lat' dir='ltr'>nomine</span> <span class='ocrx_word' id='word_1_376' title='bbox 930 5581 1110 5654; x_wconf 87' lang='lat' dir='ltr'>Ecclesiae</span> <span class='ocrx_word' id='word_1_377' title='bbox 1139 5605 1326 5676; x_wconf 90' lang='lat' dir='ltr'>romanae,</span> <span class='ocrx_word' id='word_1_378' title='bbox 1357 5606 1399 5654; x_wconf 91' lang='lat' dir='ltr'>ac</span> <span class='ocrx_word' id='word_1_379' title='bbox 1427 5607 1470 5654; x_wconf 91' lang='lat' dir='ltr'>ea</span> <span class='ocrx_word' id='word_1_380' title='bbox 1497 5583 1639 5679; x_wconf 88' lang='lat' dir='ltr'>adjecta</span> <span class='ocrx_word' id='word_1_381' title='bbox 1679 5583 1879 5656; x_wconf 89' lang='lat' dir='ltr'>conditione</span> <span class='ocrx_word' id='word_1_382' title='bbox 1917 5585 2011 5680; x_wconf 87' lang='lat' dir='ltr'>quod</span> <span class='ocrx_word' id='word_1_383' title='bbox 2046 5585 2083 5655; x_wconf 93' lang='lat' dir='ltr'>in</span> <span class='ocrx_word' id='word_1_384' title='bbox 2119 5585 2160 5656; x_wconf 93' lang='lat' dir='ltr'>iis</span> 
     </span>
     <span class='ocr_line' id='line_1_39' title="bbox 339 5704 2157 5806; baseline 0.002 -29"><span class='ocrx_word' id='word_1_385' title='bbox 339 5731 429 5802; x_wconf 89' lang='lat' dir='ltr'>quae</span> <span class='ocrx_word' id='word_1_386' title='bbox 459 5707 697 5801; x_wconf 85' lang='lat' dir='ltr'>Potestatem,</span> <span class='ocrx_word' id='word_1_387' title='bbox 727 5704 963 5803; x_wconf 82' lang='lat' dir='ltr'>Capitoneum</span> <span class='ocrx_word' id='word_1_388' title='bbox 992 5731 1033 5779; x_wconf 89' lang='lat' dir='ltr'>ac</span> <span class='ocrx_word' id='word_1_389' title='bbox 1062 5716 1221 5780; x_wconf 90' lang='lat' dir='ltr'>caeteros</span> <span class='ocrx_word' id='word_1_390' title='bbox 1250 5706 1418 5780; x_wconf 90' lang='lat' dir='ltr'>officiales</span> <span class='ocrx_word' id='word_1_391' title='bbox 1446 5708 1660 5804; x_wconf 91' lang='lat' dir='ltr'>respiciunt,</span> <span class='ocrx_word' id='word_1_392' title='bbox 1691 5709 1727 5780; x_wconf 94' lang='lat' dir='ltr'>in</span> <span class='ocrx_word' id='word_1_393' title='bbox 1756 5707 1903 5780; x_wconf 91' lang='lat' dir='ltr'>nihilum</span> <span class='ocrx_word' id='word_1_394' title='bbox 1932 5733 1969 5782; x_wconf 87' lang='lat' dir='ltr'>se</span> <span class='ocrx_word' id='word_1_395' title='bbox 1998 5710 2157 5806; x_wconf 84' lang='lat' dir='ltr'>ingerat,</span> 
     </span>
     <span class='ocr_line' id='line_1_40' title="bbox 340 5830 2161 5931; baseline 0.003 -29"><span class='ocrx_word' id='word_1_396' title='bbox 340 5844 374 5903; x_wconf 91' lang='lat' dir='ltr'>et</span> <span class='ocrx_word' id='word_1_397' title='bbox 404 5840 443 5903; x_wconf 88' lang='lat' dir='ltr'>ut</span> <span class='ocrx_word' id='word_1_398' title='bbox 472 5830 577 5903; x_wconf 87' lang='lat' dir='ltr'>latius</span> <span class='ocrx_word' id='word_1_399' title='bbox 607 5831 740 5904; x_wconf 87' lang='lat' dir='ltr'>dictum</span> <span class='ocrx_word' id='word_1_400' title='bbox 768 5832 836 5903; x_wconf 92' lang='lat' dir='ltr'>fuit</span> <span class='ocrx_word' id='word_1_401' title='bbox 865 5831 899 5903; x_wconf 94' lang='lat' dir='ltr'>in</span> <span class='ocrx_word' id='word_1_402' title='bbox 929 5832 1051 5930; x_wconf 91' lang='lat' dir='ltr'>primis</span> <span class='ocrx_word' id='word_1_403' title='bbox 1078 5832 1190 5905; x_wconf 89' lang='lat' dir='ltr'>literis</span> <span class='ocrx_word' id='word_1_404' title='bbox 1219 5831 1526 5928; x_wconf 86' lang='lat' dir='ltr'>reconciliationis,</span> <span class='ocrx_word' id='word_1_405' title='bbox 1548 5858 1638 5930; x_wconf 90' lang='lat' dir='ltr'>quae</span> <span class='ocrx_word' id='word_1_406' title='bbox 1668 5834 1805 5905; x_wconf 87' lang='lat' dir='ltr'>tamin</span> <span class='ocrx_word' id='word_1_407' title='bbox 1834 5834 1901 5906; x_wconf 88' lang='lat' dir='ltr'>hac</span> <span class='ocrx_word' id='word_1_408' title='bbox 1927 5842 2028 5931; x_wconf 90' lang='lat' dir='ltr'>parte</span> <span class='ocrx_word' id='word_1_409' title='bbox 2055 5860 2161 5931; x_wconf 91' lang='lat' dir='ltr'>quam</span> 
     </span>
     <span class='ocr_line' id='line_1_41' title="bbox 340 5955 2161 6055; baseline 0.003 -29"><span class='ocrx_word' id='word_1_410' title='bbox 340 5956 375 6027; x_wconf 92' lang='lat' dir='ltr'>in</span> <span class='ocrx_word' id='word_1_411' title='bbox 404 5955 529 6052; x_wconf 89' lang='lat' dir='ltr'>altera,</span> <span class='ocrx_word' id='word_1_412' title='bbox 551 5957 587 6028; x_wconf 91' lang='lat' dir='ltr'>in</span> <span class='ocrx_word' id='word_1_413' title='bbox 616 5981 687 6052; x_wconf 90' lang='lat' dir='ltr'>qua</span> <span class='ocrx_word' id='word_1_414' title='bbox 714 5957 833 6052; x_wconf 85' lang='lat' dir='ltr'>agitur</span> <span class='ocrx_word' id='word_1_415' title='bbox 861 5957 904 6029; x_wconf 89' lang='lat' dir='ltr'>de</span> <span class='ocrx_word' id='word_1_416' title='bbox 933 5982 1041 6030; x_wconf 90' lang='lat' dir='ltr'>censu</span> <span class='ocrx_word' id='word_1_417' title='bbox 1069 5966 1104 6029; x_wconf 91' lang='lat' dir='ltr'>et</span> <span class='ocrx_word' id='word_1_418' title='bbox 1133 5958 1176 6030; x_wconf 95' lang='lat' dir='ltr'>de</span> <span class='ocrx_word' id='word_1_419' title='bbox 1195 5957 1351 6030; x_wconf 88' lang='lat' dir='ltr'>subsidio</span> <span class='ocrx_word' id='word_1_420' title='bbox 1371 5957 1604 6031; x_wconf 90' lang='lat' dir='ltr'>ducentorum</span> <span class='ocrx_word' id='word_1_421' title='bbox 1624 5967 1844 6032; x_wconf 91' lang='lat' dir='ltr'>armatorum</span> <span class='ocrx_word' id='word_1_422' title='bbox 1862 5959 2056 6055; x_wconf 90' lang='lat' dir='ltr'>hominum,</span> <span class='ocrx_word' id='word_1_423' title='bbox 2078 5985 2161 6034; x_wconf 93' lang='lat' dir='ltr'>con-</span> 
     </span>
     <span class='ocr_line' id='line_1_42' title="bbox 340 6079 2162 6181; baseline 0.004 -30"><span class='ocrx_word' id='word_1_424' title='bbox 340 6079 481 6152; x_wconf 88' lang='lat' dir='ltr'>firmata</span> <span class='ocrx_word' id='word_1_425' title='bbox 509 6080 765 6176; x_wconf 87' lang='lat' dir='ltr'>intelligantur,</span> <span class='ocrx_word' id='word_1_426' title='bbox 796 6081 903 6154; x_wconf 86' lang='lat' dir='ltr'>salvis</span> <span class='ocrx_word' id='word_1_427' title='bbox 934 6091 1050 6155; x_wconf 92' lang='lat' dir='ltr'>tamen</span> <span class='ocrx_word' id='word_1_428' title='bbox 1081 6082 1378 6156; x_wconf 88' lang='lat' dir='ltr'>declarationibus</span> <span class='ocrx_word' id='word_1_429' title='bbox 1407 6091 1442 6156; x_wconf 87' lang='lat' dir='ltr'>et</span> <span class='ocrx_word' id='word_1_430' title='bbox 1472 6083 1753 6181; x_wconf 89' lang='lat' dir='ltr'>suppletionibus</span> <span class='ocrx_word' id='word_1_431' title='bbox 1773 6084 1809 6156; x_wconf 92' lang='lat' dir='ltr'>in</span> <span class='ocrx_word' id='word_1_432' title='bbox 1828 6085 2027 6158; x_wconf 84' lang='lat' dir='ltr'>novissimis</span> <span class='ocrx_word' id='word_1_433' title='bbox 2050 6084 2162 6158; x_wconf 91' lang='lat' dir='ltr'>literis</span> 
     </span>
    </p>
   </div>
   <div class='ocr_carea' id='block_1_5' title="bbox 341 6399 2158 6562">
    <p class='ocr_par' dir='ltr' id='par_1_8' title="bbox 341 6399 2158 6562">
     <span class='ocr_line' id='line_1_43' title="bbox 420 6399 2158 6471; baseline 0.003 -21"><span class='ocrx_word' id='word_1_434' title='bbox 420 6401 459 6466; x_wconf 82' lang='lat'>(1)</span> <span class='ocrx_word' id='word_1_435' title='bbox 478 6399 594 6466; x_wconf 71' lang='lat' dir='ltr'>Rapistr.</span> <span class='ocrx_word' id='word_1_436' title='bbox 612 6417 710 6468; x_wconf 71' lang='lat' dir='ltr'>prosa,</span> <span class='ocrx_word' id='word_1_437' title='bbox 730 6406 796 6454; x_wconf 87' lang='lat' dir='ltr'>torn.</span> <span class='ocrx_word' id='word_1_438' title='bbox 815 6401 850 6466; x_wconf 82' lang='lat'>1.,</span> <span class='ocrx_word' id='word_1_439' title='bbox 870 6417 894 6455; x_wconf 84' lang='lat' dir='ltr'>o.</span> <span class='ocrx_word' id='word_1_440' title='bbox 914 6405 961 6468; x_wconf 73' lang='lat'>74,</span> <span class='ocrx_word' id='word_1_441' title='bbox 982 6403 1008 6454; x_wconf 90' lang='lat' dir='ltr'>in</span> <span class='ocrx_word' id='word_1_442' title='bbox 1028 6403 1149 6455; x_wconf 78' lang='lat' dir='ltr'>Archino</span> <span class='ocrx_word' id='word_1_443' title='bbox 1167 6403 1225 6455; x_wconf 85' lang='lat' dir='ltr'>Mn·</span> <span class='ocrx_word' id='word_1_444' title='bbox 1361 6406 1400 6471; x_wconf 82' lang='lat'>(2)</span> <span class='ocrx_word' id='word_1_445' title='bbox 1421 6405 1541 6457; x_wconf 80' lang='lat' dir='ltr'>Monam.</span> <span class='ocrx_word' id='word_1_446' title='bbox 1561 6407 1631 6458; x_wconf 82' lang='lat' dir='ltr'>civit.</span> <span class='ocrx_word' id='word_1_447' title='bbox 1651 6405 1769 6471; x_wconf 75' lang='lat' dir='ltr'>Bonam,</span> <span class='ocrx_word' id='word_1_448' title='bbox 1788 6407 1841 6458; x_wconf 85' lang='lat' dir='ltr'>vol.</span> <span class='ocrx_word' id='word_1_449' title='bbox 1861 6409 1903 6471; x_wconf 81' lang='lat'>80,</span> <span class='ocrx_word' id='word_1_450' title='bbox 1923 6423 1996 6457; x_wconf 87' lang='lat' dir='ltr'>num.</span> <span class='ocrx_word' id='word_1_451' title='bbox 2016 6405 2158 6457; x_wconf 81' lang='lat' dir='ltr'>LXXXII.</span> 
     </span>
     <span class='ocr_line' id='line_1_44' title="bbox 341 6488 2125 6562; baseline 0.006 -23"><span class='ocrx_word' id='word_1_452' title='bbox 341 6488 414 6540; x_wconf 82' lang='lat' dir='ltr'>ximo</span> <span class='ocrx_word' id='word_1_453' title='bbox 433 6489 538 6541; x_wconf 91' lang='lat' dir='ltr'>Bonon.</span> <span class='ocrx_word' id='word_1_454' title='bbox 1361 6497 1400 6562; x_wconf 85' lang='lat'>(3)</span> <span class='ocrx_word' id='word_1_455' title='bbox 1419 6496 1552 6562; x_wconf 88' lang='lat' dir='ltr'>Ronooni,</span> <span class='ocrx_word' id='word_1_456' title='bbox 1571 6497 1623 6549; x_wconf 90' lang='lat' dir='ltr'>loc.</span> <span class='ocrx_word' id='word_1_457' title='bbox 1644 6499 1705 6562; x_wconf 78' lang='lat' dir='ltr'>eit,</span> <span class='ocrx_word' id='word_1_458' title='bbox 1724 6512 1747 6549; x_wconf 90' lang='lat' dir='ltr'>c.</span> <span class='ocrx_word' id='word_1_459' title='bbox 1768 6499 1819 6549; x_wconf 79' lang='lat'>250</span> <span class='ocrx_word' id='word_1_460' title='bbox 1839 6515 1860 6549; x_wconf 89' lang='lat' dir='ltr'>r.</span> <span class='ocrx_word' id='word_1_461' title='bbox 1881 6501 1907 6550; x_wconf 86' lang='lat' dir='ltr'>at</span> <span class='ocrx_word' id='word_1_462' title='bbox 1927 6514 1966 6562; x_wconf 72' lang='lat' dir='ltr'>n,</span> <span class='ocrx_word' id='word_1_463' title='bbox 1987 6501 2014 6549; x_wconf 89' lang='lat' dir='ltr'>st</span> <span class='ocrx_word' id='word_1_464' title='bbox 2033 6499 2081 6548; x_wconf 77' lang='lat'>251</span> <span class='ocrx_word' id='word_1_465' title='bbox 2103 6514 2125 6549; x_wconf 85' lang='lat' dir='ltr'>r.</span> 
     </span>
    </p>
   </div>
   <div class='ocr_carea' id='block_1_6' title="bbox 0 0 2765 7748">
    <p class='ocr_par' dir='ltr' id='par_1_9' title="bbox 0 0 2765 7748">
     <span class='ocr_line' id='line_1_45' title="bbox 0 0 2765 7748; baseline 0 0"><span class='ocrx_word' id='word_1_466' title='bbox 0 0 2765 7748; x_wconf 95' lang='lat' dir='ltr'> </span> 
     </span>
    </p>
   </div>
  </div>
 </body>
</html>
