5484 7746
654 657 884 708 senoensem
903 659 954 707 nn
975 657 1139 708 anassem
1158 653 1523 705 uacnrnmoonoauu
1543 653 1645 704 econ.
1666 651 1803 702 eonon.
2058 633 2133 702 263

322 836 445 879 enecare
467 816 624 898 eontiperit
650 814 806 896 ordinem,
830 816 875 878 uel
904 816 1099 898 superiorem.
1125 811 1258 876 Nullam
1290 833 1406 896 quoque
1437 812 1560 874 electa-m
1595 818 1621 875 et
1652 811 1866 892 confirmatum
1889 812 1922 873 in
1949 809 2137 873 Canonicum

322 922 481 985 admittam
504 921 546 984 ad
562 923 783 1005 perceptionem
807 920 954 1004 benefitij,
979 922 1041 983 nisi
1064 921 1169 1003 primo
1199 921 1343 1003 receperit
1373 919 1511 982 ordinem
1544 918 1586 980 ad
1617 938 1706 1002 quem
1735 925 1910 981 assentietur
1933 918 1977 981 vel
1999 917 2136 1001 elipetnr.

323 1027 394 1093 Non
411 1031 590 1114 permittam
618 1027 806 1092 Canonicum
830 1049 863 1092 en
881 1030 986 1112 primo
1008 1030 1058 1092 sui
1079 1025 1282 1090 Canonicalus
1304 1045 1387 1090 anno
1404 1027 1562 1109 percipere
1578 1024 1749 1105 benefitium
1766 1025 1810 1088 cel
1819 1024 2020 1108 prebendam,
2030 1032 2137 1109 preter

322 1137 467 1200 oictualio
488 1137 570 1218 sola,
594 1136 646 1199 sed
667 1136 752 1200 illius
774 1137 853 1198 anni
875 1134 1046 1217 benefitium
1070 1135 1116 1197 rel
1134 1133 1291 1218 prebendo
1319 1135 1352 1196 in
1383 1153 1523 1196 comunes
1552 1132 1697 1196 utilitates
1728 1139 1755 1196 et
1785 1134 1969 1196 necessitates
2001 1131 2137 1216 Capituli

323 1242 573 1328 eaperrdaturtl),
588 1245 633 1306 ito
651 1249 752 1306 tamen
777 1243 858 1326 quod
872 1243 953 1306 inter
971 1240 1137 1305 Cononicos
1152 1261 1214 1304 non
1231 1240 1400 1324 dividatur,
1409 1241 1620 1324 possessiones,
1629 1239 1709 1321 jura
1726 1246 1753 1304 et
1767 1239 1905 1322 bonores,
1921 1241 2135 1322 instrumenta,

322 1371 375 1414 seu
397 1351 518 1415 obortas
543 1352 604 1414 siue
621 1351 784 1434 prioilepia
812 1349 949 1433 Capituli
970 1355 1075 1412 contra
1099 1368 1200 1412 omnies
1222 1347 1357 1411 lemnines
1379 1347 1504 1430 adjutor
1519 1367 1570 1411 ero
1585 1346 1627 1408 ad
1642 1346 1894 1428 conseruandam,
1909 1347 2136 1429 defendendum

323 1465 349 1524 et
371 1457 629 1542 recuperandum,
644 1459 722 1521 sicea
744 1455 884 1540 Capitale
899 1455 945 1519 uel
959 1455 1071 1538 majori
1087 1457 1176 1538 porti
1198 1455 1306 1518 rnelius
1329 1461 1355 1518 et
1378 1455 1487 1518 atilius
1510 1452 1678 1538 ridebitur,-
1688 1455 1887 1537 possessiones
1909 1453 2074 1518 immobiles
2094 1456 2137 1519 od

321 1565 499 1630 buloniense
529 1564 706 1648 Capitulum
732 1565 920 1647 pertinentes
943 1583 1004 1626 non
1027 1560 1183 1644 alienabo,
1207 1583 1260 1626 nec
1286 1563 1420 1624 alienari
1446 1562 1641 1642 consentiam,
1664 1562 1726 1624 rte'si
1743 1581 1803 1644 pro
1824 1563 1971 1644 emptione
1997 1563 2041 1625 uel
2061 1584 2135 1646 per·

322 1674 488 1736 cantatione
510 1672 638 1734 alterius
655 1671 852 1754 possessionis
874 1667 1036 1732 irnmobilis
1058 1669 1190 1732 utilioris
1209 1669 1254 1731 oel
1277 1689 1351 1752 eque
1375 1668 1468 1750 utilis,
1485 1668 1529 1730 cel
1551 1669 1770 1730 coristructione
1792 1667 1925 1751 alicujus
1943 1661 2075 1752 leedifitij
2095 1670 2137 1733 ael

322 1799 479 1844 comunem
503 1779 662 1842 utilitatem
681 1779 876 1861 pertinentis,
893 1777 938 1840 ecl
960 1777 1025 1840 alia
1048 1775 1177 1839 euidenti
1199 1777 1330 1839 utilitate
1352 1777 1492 1838 eornuni:
1507 1777 1550 1838 ita
1573 1781 1674 1838 tamen
1699 1775 1780 1858 quod
1796 1776 1876 1838 inter
1893 1774 2060 1840 Canonicos
2075 1798 2137 1840 non

319 1886 376 1970 fiat
399 1887 506 1949 dieisio
522 1884 621 1968 preti)¹
642 1883 679 1947 de
695 1885 881 1967 possessione
904 1885 1023 1966 recepti.
1049 1882 1151 1967 Super
1172 1882 1297 1967 apendis
1320 1889 1347 1946 et
1369 1883 1500 1946 utilitate
1526 1880 1672 1966 Capituli,
1696 1901 1789 1966 pacem
1811 1883 1938 1945 scienter
1960 1904 2022 1946 non
2045 1886 2137 1968 impe·

322 1993 423 2075 diam,
447 1993 630 2076 requisitus,
655 1991 736 2075 qaod
758 1991 855 2075 mapis
879 1991 953 2054 utile
984 1990 1106 2053 credam
1137 1990 1295 2052 cmtsilium
1324 1987 1410 2053 dabo.
1435 1989 1571 2052 Scienter
1593 2009 1655 2052 noa
1680 1987 1837 2070 fraudabo
1862 1987 2055 2073 Capitulum,
2078 1993 2138 2056 siae

321 2099 454 2183 offitium
476 2097 617 2180 babeam,
640 2100 701 2162 stne
723 2117 796 2161 reon.
821 2097 871 2162 De
901 2099 939 2160 iis
970 2118 1028 2182 qne
1050 2098 1168 2160 uenient
1191 2096 1233 2159 ad
1255 2116 1367 2160 monus
1389 2115 1472 2159 niens
1487 2116 1549 2180 pro
1576 2094 1726 2179 Capitale,
1750 2097 1795 2159 oel
1817 2096 1860 2160 ad
1885 2095 2138 2162 Communitatem

314 2209 473 2291 pertinent
495 2206 541 2269 oel
557 2205 766 2290 pertinebunt,
790 2205 895 2268 literas
917 2227 937 2268 a
964 2203 1062 2267 Curio
1084 2224 1220 2292 romana
1237 2209 1344 2266 aratro
1365 2201 1418 2267 bec
1443 2201 1586 2286 Capitale
1610 2223 1672 2266 non
1694 2201 1870 2287 impetrabo,
1894 2225 1947 2268 nec
1969 2206 2138 2289 inpetratis

321 2321 404 2378 utar.
429 2311 562 2376 Nullum
586 2312 710 2376 electam
733 2319 760 2374 et
782 2311 996 2394 confirmatum
1018 2312 1052 2374 in
1078 2309 1267 2374 Canopicum
1289 2309 1451 2373 admittam
1473 2309 1516 2372 ad
1532 2311 1755 2393 perceptionem
1777 2307 1914 2394 benefieij
1941 2312 1987 2375 uel
2013 2314 2138 2376 consilia

324 2420 469 2505 Capituli,
485 2421 547 2482 nisi
566 2420 668 2503 primo
682 2419 841 2501 juraverit
863 2418 905 2481 ad
927 2425 1031 2481 sancta
1055 2416 1223 2501 lieanpelia
1247 2418 1350 2479 munia
1373 2424 1400 2481 et
1422 2417 1545 2500 sinpula
1563 2416 1704 2499 predicta
1727 2415 1872 2500 Capitale
1897 2417 2062 2484 obseruare.
2088 2418 2138 2484 Sic

321 2550 368 2593 nne
391 2528 477 2592 Deus
506 2527 628 2610 adjacet
651 2534 678 2590 et
699 2526 751 2590 bec
777 2533 883 2590 sancta
915 2525 1095 2610 annpelio.
1121 2524 1296 2588 Secundum
1321 2527 1525 2608 prescriptam
1553 2525 1690 2606 formam
1715 2525 1889 2608 prescripta
1922 2524 2065 2610 Capitale
2080 2528 2137 2610 ju-

321 2641 468 2699 raeerunt
491 2633 734 2717 Arclu'presbiter
757 2639 784 2698 et
805 2633 924 2718 sinpuli
938 2634 1121 2717 prescripti,
1140 2630 1333 2715 presentibus
1355 2631 1579 2694 Arclridiacono
1606 2631 1755 2694 antedicto
1778 2638 1804 2694 et
1830 2632 1901 2696 aliis
1923 2636 2139 2718 suprascriptis

320 2743 524 2806 uniuersis».

409 2847 528 2911 Actum
551 2847 584 2910 in
608 2847 738 2912 civitate
762 2846 907 2910 Bononia
932 2847 964 2910 in
989 2847 1144 2910 canoniea
1168 2848 1270 2911 sancti
1294 2846 1393 2927 Petri,
1412 2845 1443 2908 in
1469 2867 1596 2908 semera
1620 2845 1696 2910 dicti
1712 2845 1953 2928 Archidiaconi,
1971 2868 2055 2912 anno
2071 2847 2137 2912 Do-

320 2955 399 3018 mini
422 2953 592 3018 millesimo
616 2953 835 3018 ducentesimo
859 2953 1016 3038 vigesimo
1038 2955 1153 3039 primo,
1178 2954 1229 3018 die
1253 2954 1365 3038 quinta
1388 2959 1528 3016 exeunte
1552 2973 1660 3016 mense
1685 2952 1824 3038 augusti,
1845 2952 2018 3018 indictione
2041 2975 2136 3018 nona.

409 3061 480 3146 Ego
504 3059 640 3124 Albinus
663 3060 754 3124 Petri
777 3061 902 3142 Albici,
928 3061 1130 3146 imperatoris
1154 3060 1301 3124 Federiei
1325 3059 1487 3141 noterius,
1512 3059 1573 3122 hiis
1598 3060 1744 3123 omnibus
1768 3060 1909 3142 interfui,
1930 3067 1962 3123 et
1986 3062 2138 3127 inundato

320 3168 395 3232 dicti
420 3167 542 3230 domini
565 3167 794 3231 Archidiaeoni
819 3175 850 3230 et
874 3167 950 3230 dieti
974 3166 1094 3230 domini
1118 3165 1390 3252 Archipresbiteri
1414 3171 1446 3228 et
1469 3172 1648 3229 ceterorum
1672 3165 1888 3251 predictorum
1913 3169 2139 3230 canonicorum

321 3275 443 3360 scripsi.

410 3381 470 3461 (L.
489 3381 511 3460 †
529 3379 576 3462 S.)
600 3380 672 3466 Ego
695 3381 881 3444 Beruardus
906 3380 990 3444 filius
1012 3381 1235 3444 Benceveunis
1260 3380 1477 3464 Boninsegne,
1494 3379 1655 3465 imperiali
1672 3380 1862 3444 auctoritate
1879 3381 2033 3462 notarius,
2051 3388 2086 3444 ut
2105 3381 2138 3445 in

319 3488 462 3574 predicto
487 3487 700 3551 instrumento
726 3488 844 3570 inveni,
870 3488 915 3551 ita
938 3509 995 3573 per
1020 3488 1165 3551 ordinem
1188 3487 1326 3550 fideliter
1350 3487 1544 3573 exemplavj.

1173 3807 1285 3871 XXII.

1058 4022 1156 4104 1221,
1183 4023 1202 4083 1
1226 4020 1404 4085 noeenebris.

846 4234 917 4298 Iani
942 4235 974 4298 in
1000 4234 1132 4298 archivo
1156 4234 1260 4320 Capit.
1284 4233 1421 4320 Metrop.
1447 4234 1616 4298 bonone)

411 4448 478 4511 Nos
495 4447 650 4534 magister
667 4447 792 4530 Gratia,
809 4448 1066 4512 Archidiaconus
1083 4456 1115 4512 et
1131 4448 1241 4512 ludex
1256 4447 1519 4534 Archipresbiter
1540 4447 1758 4530 bononiensis,
1783 4448 1985 4534 presentibus
2009 4455 2041 4512 et
2066 4470 2140 4512 oon·

322 4555 533 4618 sentientibus
555 4555 708 4618 iratribus
726 4555 843 4618 nostris
861 4554 1031 4620 Canonieis
1048 4555 1310 4638 bononiensibus,
1328 4555 1507 4642 presbitero
1523 4555 1698 4618 Lamberto
1717 4554 1878 4641 quondam
1896 4554 2039 4618 Sacrista
2055 4556 2142 4619 viam

321 4663 471 4726 universe
502 4661 607 4726 earnis
640 4662 803 4747 ingressa,
828 4663 867 4726 de
899 4663 1046 4727 sacristia
1070 4663 1174 4726 sancti
1196 4662 1287 4726 Petri
1310 4669 1466 4726 statutum
1490 4661 1624 4726 fecimus
1649 4683 1775 4748 semper
1800 4662 2009 4747 imposterum
2033 4663 2141 4727 obser-

321 4769 481 4851 uandum3
506 4769 672 4852 videlicet,
698 4769 782 4854 quod
807 4770 848 4833 ad
872 4770 1050 4834 custodiam
1075 4777 1107 4833 et
1131 4770 1408 4834 conservationem
1432 4771 1585 4855 precipue
1610 4769 1894 4833 instrumentorum
1918 4790 2001 4832 unus
2025 4769 2064 4834 de
2089 4791 2141 4833 ea·

322 4875 443 4939 nonicis
468 4897 594 4961 semper
618 4876 659 4939 sit
684 4876 843 4958 Sacrista,
869 4899 932 4940 non
964 4877 1005 4940 ad
1038 4899 1158 4940 annum
1189 4876 1246 4941 sed
1276 4883 1469 4962 perpetuus3
1494 4883 1526 4939 et
1556 4875 1698 4940 Sacrista
1729 4875 1784 4961 qui
1816 4876 1876 4938 erit
1907 4897 1965 4960 pro
1997 4882 2141 4962 tempore

322 4982 458 5066 accipiat
482 4989 514 5046 et
537 4982 658 5046 habeat
681 4983 760 5046 duos
785 4984 968 5047 sacerdotes
992 4984 1076 5047 bone
1101 4984 1260 5069 opinionis
1283 4985 1316 5046 in
1341 4983 1444 5048 officio
1468 4983 1663 5067 baptisterii,
1688 4989 1720 5045 et
1744 4982 1785 5044 ad
1809 4983 1890 5044 alias
1923 4982 2078 5046 utilitates
2110 4990 2142 5046 et

322 5089 529 5152 necessitates
562 5088 704 5175 Capituli
729 5112 848 5172 unuin,
872 5090 943 5154 loeo
967 5091 1102 5176 predicti
1125 5091 1296 5176 presbiteri
1324 5090 1490 5154 Laniberti
1520 5095 1552 5153 et
1584 5090 1682 5153 alium
1713 5110 1771 5175 pro
1803 5089 1985 5152 reverentia
2015 5088 2143 5154 Alsredi

322 5243 498 5259 ......
524 5196 686 5281 quondam
709 5197 872 5283 Episcopi,
890 5219 947 5283 pro
972 5199 1063 5283 cujus
1088 5205 1120 5260 et
1144 5197 1281 5261 aliorum
1304 5197 1548 5284 Episcoporum,
1567 5198 1618 5282 qui
1643 5196 1792 5282 Capitulo
1816 5196 2055 5279 benefecerunt,
2073 5199 2141 5260 ani-

322 5302 435 5366 mabus
464 5303 676 5390 spiritualiter
709 5327 802 5368 orare
833 5306 1033 5391 promittant.
1057 5305 1100 5369 Et
1131 5327 1189 5390 pro
1220 5305 1281 5368 hiis
1316 5305 1440 5368 duobus
1472 5303 1692 5368 sacerdotibus
1716 5309 1748 5367 et
1772 5304 1897 5368 duobus
1929 5305 2142 5370 servientibus

321 5409 445 5474 clericis
470 5411 509 5474 ad
535 5412 731 5495 sacristiam,
758 5412 900 5476 Sacrista
925 5412 1044 5476 habeat
1067 5419 1099 5475 et
1130 5412 1268 5497 accipiat
1299 5412 1453 5475 victualia
1485 5411 1524 5474 de
1556 5411 1685 5475 comuni
1716 5411 1747 5474 in
1779 5432 1864 5497 pane
1888 5411 2037 5494 ctrina,
2062 5413 2143 5477 sicut

322 5517 444 5582 habent
467 5527 499 5582 et
523 5519 686 5605 accipiunt
711 5520 882 5602 Canonici3
899 5520 1021 5583 scilicet
1037 5541 1074 5583 eo
1099 5519 1150 5582 die
1175 5541 1237 5605 quo
1259 5519 1455 5603 jejunabunt
1478 5518 1661 5582 sacerdotes
1681 5519 1827 5605 predicti,
1845 5519 1983 5604 accipiat
2000 5519 2142 5584 Sacrista

322 5633 353 5688 et
377 5626 497 5689 habeat
521 5649 579 5712 pro
603 5627 650 5690 eis
675 5633 801 5690 tautum
825 5635 890 5690 tres
914 5649 1025 5712 panes.
1051 5626 1167 5690 Cetera
1190 5648 1267 5690 vero
1295 5627 1449 5690 victualia
1473 5627 1611 5711 accipiat
1634 5633 1668 5690 et
1690 5625 1810 5690 habeat
1834 5648 1891 5711 pro
1915 5626 2067 5711 predictis
2092 5649 2143 5690 sa·

323 5732 507 5796 cerdotibus
531 5741 563 5798 et
587 5733 801 5798 servientibus
826 5734 1063 5819 aliquantulum
1087 5733 1120 5797 in
1143 5735 1258 5798 minori
1283 5735 1463 5819 quantitate
1492 5755 1588 5818 quam
1612 5733 1775 5798 Canonici.
1798 5732 1879 5797 Cum
1902 5754 1980 5797 vero
2004 5733 2036 5796 in
2060 5735 2143 5798 cella

321 5839 433 5902 sinum
454 5862 519 5904 non
536 5841 633 5905 fuerit
656 5841 695 5905 de
720 5841 858 5923 conruui,
877 5841 1019 5905 Sacrista
1042 5863 1101 5927 pro
1125 5840 1202 5927 ipsis
1226 5840 1447 5904 sacerdotibus
1472 5848 1503 5904 et
1526 5840 1740 5904 servientibus
1756 5840 1892 5926 recipiat
1912 5861 1931 5903 a
1949 5839 2142 5904 Camerariis

322 5946 432 6009 vinnm
456 5947 506 6010 vel
538 5949 790 6033 equivalentiam
821 5954 1066 6033 competentem.
1090 5947 1222 6012 Habeat
1253 5967 1379 6032 quoque
1409 5968 1447 6010 ac
1475 5947 1632 6032 percipiat
1661 5947 1804 6012 sacrista
1835 5947 1970 6032 singulis
1999 5947 2091 6010 aunis
2123 5970 2142 6012 a

323 6052 517 6118 Camerariis
553 6055 694 6142 Capituli
728 6056 771 6140 vj.
799 6057 898 6119 libras
928 6056 1163 6121 bononiuorum
1195 6077 1253 6141 pro
1285 6055 1428 6118 uestibus
1459 6055 1618 6119 dictorum
1651 6055 1870 6137 sacerdotum,
1894 6055 1941 6138 iij.
1974 6055 2074 6118 libras
2109 6057 2142 6119 in

403 6321 443 6384 (1)
463 6321 496 6372 In
516 6321 657 6390 margine:
676 6337 691 6370 e
712 6321 783 6372 u'oa
802 6324 908 6387 fractas
922 6323 1124 6390 prebendarum
1144 6338 1197 6374 reon
1212 6323 1399 6389 percipiendos
1414 6339 1466 6389 per
1484 6338 1536 6373 aon
1557 6324 1696 6374 euidentes
1714 6322 1744 6372 in
1762 6321 1850 6372 sacris
1869 6338 1893 6372 a.

403 6411 442 6475 (2)
462 6409 662 6463 Documentum
683 6411 743 6477 hoe,
756 6411 784 6462 in
802 6412 912 6463 archivo
932 6412 1053 6480 Capituli
1071 6411 1186 6481 Metrop.
1205 6413 1303 6464 bonon.
1323 6412 1471 6480 praeterito
1492 6413 1602 6464 saeculo
1622 6415 1804 6475 asservatum,
1824 6425 1896 6461 nune
1917 6427 1966 6463 neo
1986 6412 2014 6462 in
2033 6411 2080 6463 illo
2100 6429 2142 6464 ar·

323 6499 410 6564 chiro,
430 6515 480 6551 neo
499 6499 573 6552 inter
591 6503 653 6552 aeta
674 6501 794 6552 eiusdem
814 6500 943 6568 Capituli,
962 6517 1032 6571 quae
1052 6506 1175 6570 prostent
1194 6503 1221 6552 in
1241 6501 1351 6553 archivo
1370 6501 1499 6566 Maximo,
1520 6501 1641 6552 inuenire
1660 6499 1745 6568 potui.
