5484 7746
665 687 895 738 SPECTANTIA
915 687 966 736 AD
987 683 1151 736 CLASSEM
1169 682 1535 733 ARCHIDIACONORUM
1553 681 1655 731 ECCIr.
1676 678 1814 729 Bonos.
2069 657 2144 726 265

328 865 424 929 super
441 843 573 908 decimis
589 844 664 908 talis
681 842 806 928 questio
822 849 1012 923 verteretur,
1029 841 1151 905 scilicet
1167 840 1252 927 quod
1268 839 1528 925 Archipresbiter
1544 847 1576 904 et
1592 839 1756 922 Canoniei,
1774 841 1901 904 nomine
1918 861 1974 904 sue
1990 840 2145 924 Ecclesia,

330 972 348 1014 a
372 951 517 1037 predicto
541 950 670 1015 Abbate
695 958 727 1015 et
751 951 821 1034 ejus
845 957 1015 1030 conventu,
1040 949 1168 1012 nomine
1192 946 1377 1011 monasterii
1399 947 1458 1030 sui,
1483 948 1637 1035 petebant
1659 948 1800 1012 decimas
1824 949 1965 1013 omnium
1989 955 2147 1012 terrarum

328 1065 360 1121 et
383 1057 636 1144 possessionum,
661 1078 741 1143 quar
766 1056 995 1121 monasterium
1019 1055 1123 1142 ipsum
1148 1054 1288 1118 habebat
1312 1061 1343 1118 et
1366 1055 1498 1119 tenebat
1521 1055 1554 1118 in
1576 1055 1709 1141 plebatu
1732 1057 1832 1142 ipsius
1856 1057 2062 1122 bononiensis
2084 1057 2147 1121 Ec·

328 1165 424 1230 elesie
448 1172 480 1229 et
503 1165 536 1228 in
553 1165 686 1251 plebatu
702 1163 861 1228 Medicina
885 1163 953 1228 sivo
977 1162 1079 1244 Bude,
1097 1183 1177 1247 quas
1198 1162 1338 1226 decimas
1354 1162 1505 1226 dicebant
1521 1162 1562 1226 ad
1579 1163 1764 1248 Capitulum
1780 1165 1986 1230 bononiensis
2001 1165 2147 1230 Ecclesia

328 1273 489 1358 pertinere
513 1273 632 1358 partim
652 1273 725 1357 jure
749 1272 892 1353 comuni,
909 1271 1027 1356 partim
1051 1291 1108 1356 por
1125 1270 1346 1334 concessiones
1363 1276 1395 1333 et
1411 1270 1582 1356 privilegia
1597 1271 1831 1358 Episcoporum
1855 1274 2100 1338 bononiensium
2116 1283 2148 1340 et

329 1381 502 1444 multorum
520 1401 725 1444 romanorum
742 1379 945 1443 Pontificum.
963 1377 1058 1441 Unde
1075 1378 1139 1441 iam
1155 1377 1259 1440 dictus
1275 1376 1388 1441 Abbas
1405 1377 1447 1440 ad
1464 1376 1649 1462 Capitulum
1666 1379 1770 1465 ipsum
1794 1379 1958 1445 humiliter
1979 1405 2016 1446 ao
2033 1383 2148 1448 devote

329 1488 495 1572 accedens,
513 1489 605 1575 petiit
623 1488 664 1552 ab
680 1486 812 1569 eisdem,
829 1494 865 1550 nt
880 1486 920 1550 de
943 1484 1089 1572 petendis
1114 1505 1133 1547 a
1156 1506 1190 1548 se
1215 1493 1247 1547 et
1271 1484 1550 1570 predecessoribus
1574 1484 1640 1549 suis
1664 1487 1726 1550 sibi
1749 1487 1893 1552 facerent
1916 1491 2146 1578 remissionem,

330 1603 362 1658 et
385 1595 606 1681 persolvendis
630 1596 840 1681 imposterum
864 1593 1030 1656 annuatim
1054 1599 1174 1656 certem
1200 1593 1381 1677 reciperent
1413 1594 1636 1677 quantitatem.
1662 1593 1815 1660 Canoniei
1840 1618 1916 1661 vero
1940 1599 2148 1684 petitionibus

330 1705 401 1787 ejus
425 1709 603 1767 annuentes
628 1703 736 1766 taliter
760 1703 843 1765 inter
867 1723 901 1764 se
925 1700 1140 1764 amicabiliter
1163 1707 1401 1782 convenerunt;
1425 1700 1548 1764 scilicet
1571 1701 1654 1785 quod
1680 1702 1765 1766 idem
1781 1704 1893 1768 Abbas
1910 1706 1950 1770 de
1967 1716 2073 1774 cetero
2091 1733 2148 1775 an·

331 1811 452 1874 unatim
478 1810 602 1874 solvere
627 1810 744 1874 debeat
768 1809 889 1874 eisdem
914 1808 1084 1873 Canonicis
1109 1813 1181 1893 post
1205 1807 1361 1871 kalendas
1386 1809 1587 1892 septembris,
1605 1830 1677 1872 cum
1698 1831 1717 1873 a
1742 1813 1853 1876 nuntio
1878 1814 2020 1898 ipsorum
2045 1818 2149 1884 Cano·

331 1919 475 1982 nieorum
498 1918 596 1982 luerit
618 1918 802 2003 requisitus,
821 1922 892 1981 octo
913 1917 1025 1981 corbes
1049 1916 1125 1979 boni
1148 1923 1180 1978 et
1203 1916 1329 2001 pulchri
1353 1916 1505 1980 frumeuti
1529 1916 1598 1980 sine
1618 1919 1752 2000 malitia,
1770 1927 1802 1983 et
1818 1921 1894 1984 dicti
1912 1922 2064 1989 Canonici
2083 1929 2148 1992 suis

331 2026 481 2112 expensis
506 2025 626 2089 dictum
649 2025 845 2088 frumentum
870 2023 992 2088 seilicet
1015 2022 1135 2088 deferri
1158 2023 1288 2104 iaciant,
1306 2030 1337 2086 et
1354 2023 1459 2109 ipsum
1479 2027 1709 2089 monasterium
1733 2026 1774 2090 ad
1795 2028 1866 2111 hoc,
1884 2031 2005 2095 scilieet
2029 2033 2068 2097 ad
2094 2035 2148 2098 de-

332 2133 510 2216 ferendum,
535 2133 719 2197 nullatenus
744 2138 902 2196 teneatur.
919 2130 962 2194 Et
985 2131 1147 2216 predictus
1171 2130 1433 2215 hrclripresbiter
1456 2138 1488 2195 et
1513 2131 1667 2196 Canoniei
1691 2135 1883 2200 remiserunt
1900 2144 1931 2200 et
1947 2138 2150 2206 donaverunt

331 2241 436 2304 eidem
460 2241 593 2323 Abbati,
611 2240 777 2326 recipienti
802 2240 929 2303 nomine
953 2261 1011 2301 suo
1035 2248 1068 2302 et
1091 2239 1277 2302 monasterii
1293 2239 1353 2320 sui,
1372 2259 1481 2302 omnes
1505 2239 1652 2303 detentas
1677 2249 1762 2306 retro
1786 2243 1926 2308 decimas
1947 2253 1978 2311 et
1999 2251 2150 2336 quicquid

332 2349 417 2412 ultra
441 2349 561 2412 dietam
585 2349 799 2434 quantitatem
823 2347 950 2410 nomine
974 2346 1169 2410 deeimarum
1195 2346 1326 2430 exigere
1350 2353 1481 2431 possent
1502 2347 1710 2433 imposterum
1727 2350 1768 2413 ab
1785 2351 1853 2436 ipso
1870 2353 2000 2419 Abbate
2015 2359 2066 2421 vel
2084 2359 2150 2424 suis

332 2455 581 2538 suecessoribus,
599 2455 666 2518 sive
691 2461 849 2518 conventu
875 2454 926 2517 vel
951 2455 1144 2517 monasterio
1169 2453 1238 2538 ipso
1262 2475 1320 2538 pro
1343 2454 1599 2539 possessionibus
1624 2458 1825 2541 supradietis,
1851 2482 1930 2545 quas
1955 2463 2058 2549 ipsum
2083 2489 2150 2532 mo-

333 2563 508 2626 nasterium
532 2561 674 2647 possidet
698 2569 842 2646 tempore
866 2561 958 2623 istius
982 2559 1221 2645 compositionis
1245 2560 1276 2622 in
1294 2560 1445 2645 predictis
1462 2560 1656 2646 plebatibus,
1673 2570 1705 2626 et
1721 2586 1779 2649 pro
1796 2569 2052 2651 possessionibus
2069 2594 2149 2659 quas

332 2670 453 2733 habent
476 2669 610 2733 ecclesie
635 2668 780 2752 ejusdem
805 2667 1000 2749 monasterii,
1022 2667 1143 2731 scilicet
1167 2666 1292 2753 capella
1316 2667 1419 2730 saneti
1441 2667 1562 2731 Rolelli
1586 2691 1685 2755 prope
1711 2671 1871 2736 Savenam
1895 2683 1927 2738 et
1950 2679 2085 2742 ecelesia
2110 2681 2149 2746 de

333 2776 493 2840 hledicina
517 2784 549 2840 et
572 2775 739 2840 Barbiani.
763 2775 806 2838 Et
829 2773 1032 2861 supradictus
1056 2774 1168 2838 Abbas
1194 2796 1265 2838 cum
1286 2774 1440 2838 iratribus
1456 2776 1532 2858 suis,
1550 2777 1672 2840 scilieet
1687 2778 1816 2843 domino
1832 2781 1943 2845 Blasio
1960 2787 2076 2869 priore,
2095 2789 2150 2851 do-

332 2885 418 2947 mino
442 2883 603 2966 stardo,
629 2883 757 2947 domino
781 2882 941 2964 Johanue,
959 2881 1088 2946 domino
1112 2881 1259 2964 Alberto,
1276 2882 1405 2947 domino
1428 2883 1607 2966 Bernardo,
1629 2883 1758 2950 domino
1781 2887 2004 2974 Rambertino,
2021 2895 2150 2961 domino

333 2991 490 3054 Nieholao
516 2997 547 3054 et
570 2989 699 3054 domine
723 2989 832 3072 Petro,
857 2989 1022 3053 monachis
1046 2997 1077 3052 et
1102 2989 1255 3053 iratribus
1279 2991 1413 3075 predicti
1438 2991 1624 3054 monasterii
1653 2993 1684 3056 in
1707 2993 1855 3080 Capitulo
1880 3001 2070 3084 constitutis,
2093 3026 2151 3089 per

333 3099 574 3184 stipulationem
605 3099 752 3184 promisit
782 3099 937 3181 magistro
962 3096 1089 3162 Cddoui
1113 3098 1303 3161 bononiensi
1329 3097 1501 3180 Canonieo,
1527 3101 1693 3184 recipienti
1725 3103 1853 3167 nomine
1879 3105 2020 3192 Capituli
2051 3110 2150 3175 bono-

334 3206 453 3268 niensis
477 3206 632 3288 Ecclesia,
649 3207 774 3269 solvere
795 3205 987 3291 supradietis
1004 3204 1175 3268 Canonicis
1193 3205 1357 3268 saltuatim
1376 3205 1415 3268 de
1432 3213 1538 3269 cetero
1557 3215 1628 3270 octo
1646 3209 1757 3272 corbes
1774 3210 1937 3296 frumenti,
1959 3217 2040 3280 sient
2056 3239 2150 3305 supe-

334 3313 400 3376 rins
424 3312 544 3376 dietum
568 3320 626 3395 cst,
644 3313 703 3376 sub
728 3335 812 3398 pena
835 3313 945 3376 decem
970 3312 1124 3375 librarum
1147 3312 1399 3375 bononenorum.
1423 3311 1465 3376 Et
1489 3315 1643 3398 magister
1667 3315 1760 3379 Oddo
1784 3319 1998 3406 supradictus,
2023 3327 2150 3390 nomine

334 3421 475 3506 Capituli
507 3420 711 3484 bononiensis
735 3420 879 3484 Ecclesia
900 3426 932 3482 ct
956 3441 1031 3500 sue,
1055 3419 1257 3504 presentibus
1281 3419 1459 3505 presbitero
1492 3421 1616 3502 Zoene,
1640 3422 1768 3488 domino
1792 3425 1890 3491 Petro
1922 3428 1961 3492 de
1995 3430 2150 3517 Succida,

334 3529 463 3593 domino
481 3528 635 3592 Gnidotto
659 3528 699 3591 de
724 3527 870 3612 Corrigia
895 3527 1118 3592 concanonicis
1142 3535 1174 3590 et
1198 3526 1352 3590 fratribus
1377 3526 1453 3591 dicti
1469 3529 1616 3612 magistri
1633 3529 1787 3613 Oddonis,
1804 3536 1950 3618 promisit
1966 3541 2151 3624 supradicto

334 3637 473 3718 Abbati,
498 3635 665 3721 recipienti
690 3635 817 3698 nomine
842 3655 900 3698 sno
924 3642 956 3698 et
980 3634 1167 3698 monasterii
1191 3641 1222 3698 et
1245 3656 1376 3699 suorum
1407 3656 1645 3719 successorum,
1670 3641 1888 3724 supradictam
1912 3646 2150 3734 remissionem,

334 3745 540 3808 donationem
564 3749 596 3806 et
620 3743 858 3806 concessionem
883 3743 1136 3828 omnitempore
1162 3749 1264 3805 ratam
1289 3748 1321 3806 et
1343 3742 1468 3805 firmam
1491 3743 1612 3808 habere
1636 3752 1668 3809 et
1691 3753 1811 3830 tenere,
1833 3757 1865 3813 et
1895 3753 1984 3817 nullo
2008 3761 2151 3843 tempore

334 3852 557 3915 contravenire
581 3871 639 3936 per
663 3871 696 3914 se
721 3857 753 3913 et
776 3871 850 3913 suos
875 3849 991 3912 fratres
1016 3855 1047 3912 et
1071 3870 1271 3913 successores
1288 3855 1320 3912 et
1337 3848 1522 3935 Capitulum
1539 3851 1744 3917 bononiensis
1760 3855 1914 3940 Ecclesia,
1932 3861 1991 3924 sub
2008 3864 2152 3947 predicta

334 3980 418 4044 pena
443 3958 553 4022 docem
577 3958 733 4022 librarum
757 3957 1011 4038 bononenorum,
1028 3962 1059 4020 et
1082 3977 1166 4042 pena
1190 3956 1295 4020 soluta
1319 3956 1361 4019 ab
1385 3977 1423 4020 ea
1446 3965 1549 4042 parte,
1567 3979 1628 4043 que
1653 3967 1764 4024 contra
1781 3963 1924 4047 predicta
1947 3968 1998 4031 vel
2021 3970 2152 4056 aliquod

335 4065 550 4152 predictorum
574 4064 697 4146 fecerit,
721 4064 928 4150 supradicta
952 4064 1059 4128 omnia
1083 4064 1115 4126 in
1139 4085 1198 4126 sua
1222 4064 1448 4127 nichilominus
1473 4073 1625 4129 maneant
1647 4067 1808 4133 firmitate.
1834 4071 1876 4135 Et
1900 4074 1927 4136 si
1951 4077 2153 4162 contingeret

334 4173 530 4259 Episcopum
553 4173 784 4236 bononiensem
815 4171 962 4236 evincere
994 4171 1134 4234 decimas
1163 4191 1182 4234 a
1212 4171 1297 4235 dicto
1329 4173 1540 4254 monasterio,
1566 4195 1629 4237 non
1654 4181 1802 4240 teneatur
1833 4184 2062 4247 monasterium
2090 4188 2153 4251 sol-

334 4302 409 4345 vere
434 4279 583 4366 Capitulo
607 4279 797 4344 bononiensi
821 4278 1040 4365 supradictam
1064 4279 1287 4364 quantitatem.
1312 4279 1355 4342 Et
1377 4279 1524 4364 promisit
1547 4281 1651 4344 dietus
1683 4284 1837 4368 magister
1866 4289 1951 4371 quod
1975 4293 2100 4356 curabit
2124 4301 2156 4358 et

334 4388 445 4469 faciet,
470 4387 555 4473 quod
581 4387 766 4474 Capitulum
789 4386 997 4451 bononiensis
1020 4385 1165 4450 Ecclesia
1190 4385 1392 4450 confirmabit
1416 4393 1448 4450 et
1471 4387 1681 4473 approbabit,
1706 4395 1737 4452 et
1769 4397 1875 4456 ratum
1904 4394 2035 4461 habebit
2059 4399 2156 4464 istum

333 4501 543 4558 contractum.
1252 4499 1257 4510 '

422 4604 542 4666 Actum
566 4603 598 4665 in
623 4602 773 4688 Capitulo
796 4601 983 4666 monasterii
1010 4601 1147 4687 predicti
1171 4601 1273 4665 sancti
1298 4600 1469 4688 Stephani,
1494 4602 1667 4667 indictione
1692 4607 1851 4693 predicta,
1877 4613 2080 4694 presentibus
2104 4637 2155 4680 ro-

333 4711 417 4794 gatis
441 4711 576 4774 testibus
601 4710 729 4775 domino
755 4709 922 4773 Crimaldo
946 4708 1080 4789 Rubeo,
1104 4709 1233 4772 domino
1258 4708 1406 4773 Cnidone
1437 4709 1527 4774 Petri
1559 4712 1703 4777 Cunradi
1728 4721 1827 4778 strate
1851 4719 1954 4781 sancti
1979 4719 2154 4806 Stephani,

334 4817 523 4881 Torrexano
547 4818 618 4898 ejus
642 4817 719 4898 filio,
744 4816 878 4881 Cambio
904 4816 1028 4880 notario
1053 4815 1093 4880 de
1117 4823 1229 4880 sancto
1254 4815 1435 4902 Stephano,
1462 4817 1609 4884 Gerardo
1635 4821 1753 4906 Crogio
1776 4821 1816 4886 de
1849 4823 1963 4889 Castro
1994 4827 2087 4892 Novo
2116 4829 2156 4893 de

334 4925 454 4988 Parma
476 4930 509 4988 et
533 4925 661 4988 domiuo
684 4924 821 4988 Alberto
845 4924 884 4988 de
907 4923 1038 4988 Parma.

422 5031 546 5096 Eodem
570 5053 666 5114 anno,
683 5052 792 5096 mense
816 5039 848 5094 et
871 5031 922 5094 die
947 5040 979 5095 et
1002 5031 1185 5095 indictione.
1211 5031 1249 5095 In
1272 5032 1369 5096 choro
1393 5033 1600 5098 bononiensis
1623 5035 1779 5117 Ecclesie,
1796 5041 1999 5123 presentibus
2020 5043 2155 5106 testibus

335 5139 512 5224 presbitero
537 5138 764 5221 Aldrevando,
788 5138 956 5223 capellano
988 5138 1132 5202 sacristia
1163 5139 1267 5202 sancti
1297 5138 1404 5222 Petri,
1430 5139 1594 5225 Gerardo,
1618 5142 1735 5207 elerico
1766 5145 1806 5207 de
1836 5147 1999 5231 sacristia,
2025 5149 2154 5214 domino

336 5247 476 5332 Symone
506 5246 546 5310 de
574 5245 739 5328 Cenzano,
764 5245 900 5309 Alborto
923 5244 1051 5309 domine
1076 5245 1259 5310 Castellane
1283 5253 1315 5311 et
1339 5246 1446 5311 Clario
1472 5249 1597 5313 notario
1623 5250 1663 5314 do
1686 5251 1832 5330 Vivario,
1858 5254 2012 5339 magister
2040 5256 2155 5320 Gratia

335 5354 591 5418 Archidiaconns
613 5353 821 5417 bononiensis
836 5352 992 5434 Ecclesia,
1010 5359 1042 5416 et
1065 5352 1213 5416 dominus
1237 5353 1258 5418 J
1262 5353 1347 5418 udex
1368 5353 1631 5440 Archipresbiter
1656 5359 1812 5442 ejusdem,
1829 5367 1861 5424 et
1884 5362 1934 5424 sui
1950 5362 2078 5445 fratres,
2095 5364 2156 5428 sci·

334 5461 409 5525 licet
432 5459 591 5546 presbiter
606 5459 772 5542 Albertus,
789 5459 948 5545 presbiter
970 5459 1107 5542 Probus,
1124 5460 1284 5545 presbiter
1308 5460 1512 5543 Ottavianus,
1532 5464 1691 5549 presbiter
1714 5465 1812 5548 Zocu,
1830 5465 1978 5531 dominus
1994 5468 2155 5550 Andreas,

334 5568 482 5632 dominus
506 5565 612 5631 Cnido
638 5567 788 5651 Crassus,
806 5567 954 5630 dominus
976 5566 1094 5630 Petrus
1119 5567 1158 5630 do
1183 5567 1330 5650 Succida,
1355 5569 1510 5653 magister
1533 5569 1704 5654 Martinus,
1723 5572 1871 5636 dominus
1897 5574 2003 5638 Guido
2028 5575 2067 5639 de
2091 5575 2155 5639 Ba-

335 5675 442 5760 gnclo,
467 5674 621 5759 magister
644 5673 838 5756 Lsnbertus,
863 5675 1018 5759 magister
1041 5674 1239 5758 Tancredus,
1257 5675 1405 5740 dominus
1429 5675 1572 5740 Jacohus
1597 5677 1733 5742 condam
1757 5678 1916 5744 Gnidouis
1942 5681 2155 5766 Lambertini,

335 5783 482 5846 dominus
500 5781 673 5846 Guidottus
690 5783 729 5846 de
747 5781 894 5867 Corrigia
911 5789 943 5846 et
959 5783 1107 5847 dominus
1123 5783 1296 5867 Heni-icus,
1313 5785 1442 5849 nomine
1460 5784 1602 5871 Capituli
1622 5785 1829 5852 bononiensis
1852 5789 2005 5873 Ecclesia,
2023 5813 2156 5856 eonsen-

334 5897 446 5953 serunt
461 5890 605 5975 predicto
623 5891 802 5955 contractui
818 5900 850 5955 et
865 5912 940 5954 eum
955 5891 988 5954 in
1005 5897 1107 5954 totum
1125 5892 1387 5978 approbaverunt
1403 5900 1435 5956 et
1451 5893 1732 5977 confirmaverunt,
1749 5903 1781 5959 et
1798 5897 1974 5982 predictum
1995 5900 2156 5964 remissio·

336 6019 408 6061 nem
421 6005 453 6061 et
470 6000 708 6064 concessionem
725 5998 870 6062 fecerunt
887 5997 1015 6062 domino
1032 5997 1129 6080 Dato,
1142 5998 1274 6084 syndico
1292 6000 1479 6063 monasterii
1495 6001 1597 6064 sancti
1614 6000 1771 6088 Stephani
1788 6004 1974 6089 supradicti,
1989 6006 2156 6093 recipienti

335 6107 462 6170 nomine
494 6111 526 6168 et
550 6106 619 6170 vice
643 6105 780 6192 predicti
803 6105 941 6169 Abbatis
965 6112 997 6169 et
1021 6107 1207 6170 monasterii
1231 6114 1263 6170 et
1284 6105 1435 6170 Fratrum
1459 6129 1590 6172 suorum
1614 6116 1645 6173 et
1669 6131 1908 6194 successorum,
1932 6114 2156 6198 promittentes

334 6214 449 6296 eidem,
467 6213 634 6300 recipienti
650 6213 794 6299 predicto
819 6214 958 6296 nomine,
975 6213 1120 6299 predicta
1142 6215 1235 6278 firma
1258 6221 1415 6300 perpetuo
1435 6221 1545 6280 tenere
1562 6224 1595 6280 et
1611 6217 1642 6280 in
1660 6218 1749 6282 nullo
1767 6220 1989 6283 contravenire
2007 6221 2066 6284 sub
2083 6243 2156 6307 pre·

335 6322 420 6385 dicta
451 6341 535 6406 pena
558 6320 670 6385 decem
692 6321 850 6385 librarum
872 6321 1133 6404 bononenorum,
1158 6327 1190 6384 et
1214 6343 1253 6386 ea
1277 6322 1399 6405 soluta,
1425 6324 1570 6409 predicta
1592 6324 1685 6388 firme
1708 6332 1920 6411 permaneant
1943 6335 1976 6390 et
1999 6334 2081 6392 rata.

425 6427 482 6509 (L.
499 6428 521 6509 †
539 6427 586 6510 S.)
609 6427 682 6513 Ego
705 6427 935 6511 La[n]irancus
958 6428 1336 6515 Papiensis,i1nperialis
1359 6431 1432 6494 aule
1456 6431 1611 6514 notarius,
1632 6432 1763 6497 interfui
1787 6440 1819 6498 et
1843 6441 1975 6519 rogatus
2004 6455 2156 6521 asupra-

335 6537 428 6600 dictis
453 6535 600 6600 omnibus
623 6536 793 6602 Fratribus
817 6543 850 6600 et
873 6536 1147 6621 contrahentibus,
1171 6538 1254 6602 hanc
1278 6547 1400 6604 cartam
1424 6562 1466 6604 ex
1487 6541 1703 6624 jnstrumento
1727 6543 1840 6628 scripsi
1864 6549 1896 6606 et
1919 6544 2092 6630 publicavi.

452 6675 520 6712 ron.
540 6677 572 6714 11.
2040 6671 2073 6720 34
