5544 7750
1018 668 1100 719 rus.
1132 659 1279 718 01111
1309 665 1393 716 011.
1423 665 1532 717 naon.
2103 645 2178 714 355

367 824 556 922 ordinarie,
573 826 730 898 maxima
749 825 884 899 utilitas
905 833 997 900 esset
1017 825 1205 898 Communi
1224 833 1260 898 et
1280 823 1410 922 populo
1425 823 1619 920 Bononiae,
1637 831 1672 896 et
1692 830 1839 922 propter
1858 822 2031 895 lecturam
2051 846 2186 918 eorum,

367 950 523 1023 studium
552 959 845 1047 augmentaretur
872 960 939 1023 etc.
970 951 1088 1040 Quare
1117 949 1345 1049 supplicant,
1367 949 1673 1022 Reformationem
1707 949 1840 1020 factem
1869 947 1912 1019 de
1951 971 2071 1019 mense
2098 946 2186 1042 iulii,

370 1075 543 1173 [tempore
572 1077 704 1149 domini
731 1076 876 1172 Aegidii
903 1075 1097 1148 Muratoris
1126 1075 1323 1147 Dilcnsoris
1351 1073 1540 1170 Haverisl,
1570 1074 1689 1147 facere
1723 1072 1925 1146 executioni
1952 1071 2123 1144 mandare
2151 1079 2188 1144 et

369 1200 489 1273 taliter
517 1224 708 1298 procurare
736 1202 830 1298 quod
859 1201 1058 1274 omnimode
1097 1198 1355 1297 compellantur
1388 1198 1634 1296 infrascriptos
1664 1207 1737 1271 tres
1765 1197 1953 1271 admittere
1983 1204 2019 1270 et
2047 1196 2188 1269 admitti

368 1325 487 1398 facere
514 1326 558 1398 ad
588 1327 886 1400 examinationem
916 1326 1094 1422 privatam
1118 1334 1154 1398 et
1178 1323 1367 1422 publicam,
1389 1332 1425 1397 et
1454 1349 1513 1397 eos
1542 1325 1741 1421 approbare
1765 1324 1802 1394 in
1830 1322 2093 1398 examinatione
2122 1346 2187 1419 pu·

366 1450 459 1538 blica
487 1458 523 1523 et
551 1451 693 1549 privata
721 1460 757 1524 et
784 1475 848 1523 suo
878 1449 1036 1545 Collegio
1065 1450 1253 1522 associare.
1285 1449 1444 1538 Quorum
1472 1449 1616 1521 nomina
1644 1457 1743 1520 sunt:

554 1577 711 1650 Jacobus
740 1575 914 1648 Guidonis
942 1575 1098 1648 Belvixii
1126 1573 1283 1674 capellae
1312 1574 1426 1648 sancti
1453 1574 1676 1669 Barbatiani,

554 1700 719 1774 Thornax
747 1702 790 1773 de
819 1699 1036 1774 Marzaloliis
1065 1698 1222 1797 capellae
1251 1699 1366 1772 sancti
1394 1697 1581 1772 Laurentii
1609 1706 1734 1797 portae
1764 1697 1891 1794 Sterii,

554 1827 683 1898 Petrus
712 1825 755 1897 de
784 1824 938 1897 Cernitis
968 1822 1124 1920 capellae
1152 1823 1265 1896 sancti
1293 1823 1436 1896 Alberti
1452 1820 1502 1896 (11.

475 1954 582 2025 Anno
606 1950 825 2024 MCCCVII.
851 1948 1080 2023 Marzalolius
1101 1952 1146 2024 ab
1166 1950 1411 2024 Universitate
1431 1950 1611 2046 expetitus
1630 1949 1674 2022 ad
1695 1948 1883 2044 legendum
1903 1950 2189 2022 ostreordr'oorie

368 2102 548 2180 unacum
576 2077 741 2174 Philippo
768 2077 956 2174 Rampono
985 2085 1021 2148 et
1049 2076 1184 2148 Jacobo
1219 2075 1459 2170 Buttrigari03
1489 2099 1571 2147 nam
1607 2073 1664 2147 ille
1701 2075 1746 2146 ad
1783 2074 1973 2169 legendum
2010 2075 2187 2148 ordinarie

368 2211 443 2274 tum
481 2203 549 2275 suit
592 2201 803 2299 postulatus.
838 2202 898 2273 An
939 2226 1010 2274 11011
1052 2201 1140 2273 haec
1178 2199 1282 2273 lectio
1319 2195 1608 2271 extraordinaria
1645 2201 1773 2296 probat
1809 2198 2057 2273 Marzalolium
2093 2223 2187 2272 anno

366 2326 586 2401 MCCCVII.
607 2353 678 2400 11011
706 2327 814 2400 fuisse
844 2327 1053 2400 doctorem?
1082 2324 1176 2396 Nam
1205 2325 1264 2421 qui
1293 2324 1343 2397 ita
1371 2323 1550 2420 legebant,
1574 2349 1644 2397 non
1674 2325 1847 2420 doctores,
1869 2325 1931 2397 sed
1960 2324 2188 2398 bachalaurei

367 2453 654 2527 nominabantur.

1241 2770 1309 2843 ΠΙ.

420 3021 897 3136 BONIFACIUS
933 3022 1032 3129 ET
1066 3023 1527 3132 UBALDINUS
1561 3024 1666 3129 DE
1701 3022 2141 3133 GALLUTIIS.

475 3326 740 3399 Gallucciorurn
775 3333 917 3420 gentem
957 3325 993 3396 in
1031 3325 1176 3398 civitate
1214 3335 1337 3398 nostra
1376 3325 1497 3420 gestis,
1527 3326 1725 3428 opibuset
1762 3325 1976 3398 auctoritate
2014 3328 2189 3423 insignem

367 3452 557 3526 admodum
586 3451 694 3524 luisse
723 3451 961 3524 monumentis
988 3451 1119 3522 nostris
1147 3475 1252 3547 saepe
1282 3459 1335 3522 est
1364 3451 1547 3523 traditum.
1568 3451 1610 3522 In
1630 3451 1697 3524 hac
1717 3461 1836 3524 autem
1857 3452 1899 3524 de
1920 3476 1989 3548 qua
2008 3451 2186 3550 loquimur

366 3587 484 3652 aetate
514 3576 632 3674 plures
661 3601 706 3649 ex
735 3576 859 3649 eadem
887 3575 1022 3648 familia
1051 3576 1260 3670 extiterunt,
1283 3600 1432 3672 quorum
1453 3575 1509 3648 vel
1530 3577 1703 3672 doctrina,
1725 3575 1781 3649 rel
1809 3577 1955 3673 pietate,
1976 3576 2033 3650 vel
2066 3603 2185 3650 rerum

367 3702 586 3799 agendarum
622 3700 761 3798 peritia,
782 3727 853 3775 non
877 3701 1064 3773 mediocris
1093 3709 1128 3773 ct
1157 3701 1271 3772 laudis
1300 3709 1335 3773 et
1363 3700 1496 3796 gloriae
1526 3701 1638 3774 eidem
1669 3701 1765 3774 facta
1794 3711 1848 3774 est
1875 3703 2041 3776 accessio.
2068 3705 2185 3777 Anto-

366 3829 464 3901 nium
493 3826 662 3901 Ubaldini
691 3834 830 3923 patrem
858 3826 999 3922 egregie
1029 3826 1072 3898 de
1101 3826 1173 3897 suis
1202 3825 1338 3898 civibus
1366 3825 1531 3899 meritum
1565 3826 1674 3900 fuisse
1711 3827 1900 3899 innotescit
1932 3853 1976 3900 ex
2011 3827 2185 3902 Chronico

367 3953 489 4027 11011011.
520 3952 615 4049 apud
649 3949 953 4044 Muratcriuml2l,
972 3951 1007 4022 in
1045 3974 1113 4047 quo
1152 3951 1195 4023 ad
1235 3975 1367 4023 annum
1398 3950 1601 4024 MCCCIII.
1631 3960 1798 4024 narratur
1829 3953 1944 4049 ipsum
1975 3953 2094 4026 vivere
2122 3955 2183 4027 de-

366 4078 478 4151 siIsse.
498 4075 677 4152 Excelluit
707 4076 815 4148 etiam
844 4100 889 4148 ex
918 4075 1042 4149 eadem
1070 4083 1176 4171 gente
1206 4076 1400 4173 iisdemque
1430 4077 1648 4173 temporibus
1667 4077 1852 4173 Aegidius,
1875 4076 2018 4150 Ordinis
2036 4079 2185 4152 Praedi-

367 4211 527 4276 catorum
558 4200 734 4296 alumnus,
756 4201 816 4297 qui
845 4226 938 4275 anno
965 4200 1286 4275 MCCCXXXIII.
1308 4202 1353 4273 ad
1377 4201 1735 4299 Archiepiscopatum
1765 4201 1973 4275 Cretensem
2002 4213 2185 4300 promotus

366 4329 445 4424 fuit,
467 4353 547 4401 cum
570 4327 668 4399 iniis
696 4326 898 4421 regionibus
927 4327 1082 4399 censoris
1109 4326 1311 4400 haereticae
1340 4327 1529 4424 pravitatis
1549 4352 1694 4400 munere
1712 4327 1932 4424 fungeretur,
1955 4329 2184 4425 quemadmo-

367 4454 450 4525 dum
493 4460 633 4526 ccnstat
675 4476 719 4524 ex
761 4450 873 4524 literis
911 4451 1085 4524 lobannis
1122 4451 1249 4524 XXII.
1281 4453 1373 4525 datis
1410 4452 1611 4525 Bertrando
1646 4452 1823 4550 Episcopo
1861 4453 2064 4551 Hostiensi,
2095 4480 2185 4553 quae

367 4586 492 4652 extant
529 4578 565 4650 in
605 4577 735 4650 Codice
772 4587 894 4650 nostro
931 4576 1157 4674 diplomatico
1193 4577 1413 4650 bononiensi.
1447 4576 1684 4673 Intelligimus
1722 4585 1841 4651 autem
1879 4603 1924 4652 ex
1961 4580 2003 4652 iis
2042 4581 2186 4654 veritati

365 4703 481 4776 minus
501 4727 694 4776 consonum
714 4702 807 4798 quod
829 4701 987 4774 nonnulli
1006 4702 1232 4774 tradiderunt
1245 4703 1436 4797 Aegidium
1455 4702 1549 4774 hunc
1573 4703 1686 4800 primo
1706 4704 1902 4776 antistitem
1922 4704 2183 4802 Torcellanum,

367 4837 563 4902 cretensem
593 4826 818 4922 postmodum
847 4824 1165 4924 Archiepiscopum
1194 4827 1314 4900 fuisse.
1345 4827 1510 4901 Fontana
1538 4828 1573 4899 in
1597 4851 1660 4900 suo
1685 4827 1836 4900 Theatra
1860 4829 1911 4901 ita
1940 4829 2058 4924 sentit,
2079 4830 2185 4927 idque

366 4953 555 5048 contigisse
584 4951 739 5024 affirmat
768 4975 861 5024 anno
889 4950 1208 5024 MCCCXXVIII.
1239 4951 1296 5023 Ex
1315 4951 1480 5025 Leandro
1500 4951 1652 5024 Alberto
1671 4951 1708 5023 in
1726 4977 1790 5024 sua
1809 4953 1862 5024 Da
1882 4955 1968 5026 viris
1987 4955 2186 5028 illustribus

369 5078 517 5152 Ordinis
547 5076 838 5149 Praedicatoraar
867 5077 1017 5148 historic
1045 5084 1168 5148 notum
1197 5077 1237 5148 fit
1265 5076 1373 5149 alium
1405 5077 1514 5150 luisse
1550 5077 1717 5172 Egidium
1746 5076 1953 5151 Cretensem
1982 5081 2027 5151 ab
2056 5104 2097 5153 eo
2126 5082 2187 5177 qui

366 5201 614 5276 Torcellanam
642 5201 762 5274 sedern
790 5202 916 5274 tenuit.
946 5201 1001 5273 De
1023 5201 1174 5295 Aegidio
1204 5210 1325 5274 nostro
1353 5201 1441 5274 haec
1469 5202 1579 5275 babet
1606 5203 1696 5276 libro
1715 5202 1805 5304 HL,
1828 5228 1908 5300 pag.
1934 5206 2020 5276 104.
2050 5204 2185 5279 Citabi·

368 5352 457 5423 mus,
487 5327 611 5423 inquit,
645 5334 724 5425 post
752 5325 817 5399 hos
846 5326 1038 5422 Aegidium
1068 5351 1111 5398 ex
1141 5324 1359 5399 nobilissima
1388 5324 1626 5400 Gallutiorum
1656 5327 1789 5400 familia
1820 5329 2027 5402 bononiensi
2056 5338 2185 5426 ortum,

366 5453 480 5525 virum
510 5451 657 5524 scientia
686 5460 721 5522 et
750 5450 918 5546 religione
955 5451 1205 5546 clarissimum,
1236 5459 1434 5524 cretensem
1461 5451 1801 5550 Archiepiscopum,
1832 5453 1892 5550 qui
1920 5453 1994 5526 rita
2033 5456 2187 5528 excessit

365 5603 458 5650 anno
492 5576 636 5650 Domini
667 5575 882 5650 MCCCXL.
912 5576 1095 5651 Bononiae
1129 5577 1234 5672 inque
1268 5575 1455 5675 sepulchro
1488 5585 1589 5650 tanto
1622 5578 1716 5650 viro
1737 5579 1843 5674 digno
1881 5578 2061 5677 sepultus,
2091 5582 2186 5678 quod

365 5702 481 5775 adhuc
510 5702 667 5774 cernitur
695 5710 778 5775 ante
808 5727 906 5776 aram
937 5702 1106 5776 maiorem
1134 5700 1300 5774 basilicae
1330 5699 1674 5799 praedicatorias).

426 5950 466 6015 (l)
485 5948 548 6000 Vid.
569 5947 642 6013 Res„
661 5948 707 5999 lib.
727 5948 758 6014 n,
777 5952 869 6000 1435
890 5966 911 6001 r.
1303 5947 1337 5999 ab
1357 5949 1485 6017 episcopo
1505 5948 1666 6001 'forcellano
1686 5951 1834 6015 detentam,
1848 5951 1951 6019 publici
1967 5951 2033 6003 iuris
2052 5967 2187 6018 11101110-

427 6040 466 6104 (2)
486 6038 563 6090 Tom.
582 6036 688 6089 XVIII.
708 6037 771 6089 Iter.
791 6037 856 6088 Ital.
875 6038 982 6104 Script,
1001 6055 1063 6107 pag.
1085 6041 1144 6090 137.
1301 6037 1469 6089 nuntiarunt.

427 6131 466 6194 (3)
477 6127 610 6179 Veterum
623 6131 862 6179 monumentorum
873 6145 924 6196 cpe
937 6113 1036 6196 probat
1046 6129 1185 6180 clauotor
1195 6129 1249 6180 Ae·
1421 6178 1457 6216 m
1486 6179 1626 6218 ,mmm
1646 6180 1685 6216 DE
1705 6180 1861 6218 mmm,
1882 6181 1919 6217 DE
1940 6179 2070 6217 nouom,

364 6218 430 6287 gidii
443 6217 565 6286 episcopi
578 6217 745 6269 mentionem
759 6217 846 6285 primo
860 6233 1002 6268 occurrere
1016 6233 1087 6268 011110
1101 6215 1249 6270 Mccnlx.
1460 6203 1466 6215 ’
1497 6251 1565 6288 031),
1585 6253 1725 6290 mmm,
1745 6205 1996 6290 mmmmm

365 6311 392 6359 ot
411 6322 483 6358 anno
502 6304 720 6358 MCCLXXXII.
740 6306 768 6356 in
787 6305 855 6357 viris
874 6306 963 6358 adhuc
983 6306 1080 6371 fuisso;
1100 6305 1152 6358 hoc
1175 6307 1248 6358 enirn
1472 6322 1524 6359 1111
1544 6323 1654 6362 sunum
1675 6324 1840 6362 nncsrnrrs.
1861 6323 2019 6362 cnsrnnsrs

365 6397 460 6448 codem
480 6412 551 6448 anno
570 6396 628 6448 lata
648 6395 700 6446 luit
719 6399 815 6447 contre
833 6396 923 6464 ipsum
942 6396 1079 6447 sententia
1098 6411 1148 6464 per
1159 6395 1249 6464 publi·
1487 6393 1537 6440 QUI
1557 6396 1638 6433 OBIIT
1659 6396 1737 6432 111110
1757 6396 1863 6433 DOMINI
1883 6379 2004 6432 11000311·

365 6502 459 6537 corum
476 6484 608 6536 bonorum
621 6484 734 6551 iudices,
747 6485 794 6553 qui
807 6484 953 6553 quomdam
966 6501 1066 6553 aquam
1080 6487 1107 6536 ct
1120 6485 1249 6553 paludem
1412 6536 1497 6574 cums
1517 6465 1968 6584 ΑΜΜΪῙΞΕξζΙὲῑᾞξΞῙΞΑΟΕ.
1988 6536 2070 6574 ΜΗ

1549 6107 1600 6143 mc
1616 6107 1704 6144 IACET
1724 6109 1792 6146 BEV.
1813 6109 1944 6146 Domus
