5544 7750
591 608 667 681 304

650 783 701 849 Dc
725 785 814 848 lucro
838 789 946 848 autem
973 781 1090 847 dicitur
1113 779 1198 868 quod
1223 801 1286 844 non
1310 785 1469 862 tenentur,

587 893 648 956 nisi
673 893 712 956 de
736 891 819 956 falso
842 891 1010 977 acquisito,
1034 890 1118 954 sicut
1140 889 1262 952 taxillis
1289 887 1381 952 falsis
1413 908 1470 950 seu

587 1000 687 1082 alias3
715 1021 827 1064 verum
850 999 1033 1084 suggeratis
1057 998 1119 1062 sibi
1142 1004 1178 1061 ut
1201 995 1286 1083 quod
1310 997 1393 1060 mals
1418 1016 1470 1059 ao·

587 1108 718 1195 quisivit
741 1108 774 1171 in
795 1107 888 1170 bonis
912 1105 1084 1192 expendat,
1105 1104 1301 1192 pauperibus
1325 1123 1470 1188 erogare.

650 1214 687 1280 Ο.
704 1235 761 1302 pro
786 1215 873 1280 socio
896 1215 918 1278 l.
936 1213 982 1278 1.:
1008 1212 1202 1278 Societatem
1218 1233 1282 1275 uno
1299 1210 1470 1297 pecuniam

586 1323 770 1388 conferente
788 1323 851 1386 alio
872 1343 1003 1408 operam
1020 1326 1185 1407 prestante
1202 1318 1348 1383 contrahi
1365 1317 1468 1402 magis

585 1431 734 1517 optinuit,
751 1429 827 1516 quia
843 1451 919 1516 sepe
937 1449 1035 1516 opera
1057 1427 1194 1512 alicujus
1219 1427 1390 1514 plusquam
1414 1448 1468 1512 pe·

585 1539 680 1603 cunia
696 1538 793 1620 valet,
810 1545 846 1602 ut
862 1539 894 1601 in
911 1537 1002 1601 Iusti.
1020 1536 1134 1600 eodem
1151 1535 1168 1618 5
1185 1534 1249 1618 II.‚
1266 1541 1299 1598 et
1315 1535 1342 1598 si
1359 1541 1468 1621 partes

585 1647 710 1732 adjecto
735 1667 798 1710 nou
822 1645 941 1710 fuerint
964 1645 1096 1730 equales
1120 1645 1150 1708 in
1174 1644 1262 1708 lucro
1279 1649 1311 1707 et
1327 1643 1467 1729 dampno

586 1761 772 1841 spectantur
796 1761 830 1817 ut
853 1753 928 1839 Dig.
949 1753 1062 1817 codem
1086 1751 1113 1815 si
1137 1773 1200 1816 non
1223 1749 1378 1834 lueri[n]t.
1404 1749 1468 1814 Sed

585 1884 685 1949 quero
701 1883 743 1926 an
759 1862 813 1926 ille
831 1861 885 1947 qui
897 1861 1067 1946 pecuniam
1080 1859 1225 1941 contulit,
1239 1858 1355 1923 debeat
1367 1857 1467 1922 habe·

585 1991 619 2034 re
644 1969 748 2056 capud
762 1969 801 2032 (¹)
817 1969 942 2033 salvum
962 1969 995 2032 in
1015 1967 1171 2032 divisione
1195 1965 1368 2046 societatis,
1385 1965 1468 2030 idest

585 2084 714 2160 sortem,
728 2084 761 2140 et
773 2077 897 2141 lucrum
909 2098 951 2140 ex
963 2097 1001 2140 ea
1014 2075 1206 2160 proveniens
1220 2073 1465 2138 communicare.

583 2185 605 2250 J
608 2207 728 2250 oannes
749 2183 928 2269 distinguit,
945 2205 987 2247 an
1003 2181 1044 2246 ab
1061 2183 1152 2246 initio
1169 2182 1214 2245 sic
1230 2180 1355 2246 dederit
1372 2201 1467 2266 pecu·

584 2294 671 2357 niam
695 2291 756 2376 [ut]
780 2291 1040 2372 communicaret,
1065 2297 1096 2353 et
1109 2289 1148 2354 (2)
1165 2309 1206 2352 an
1230 2295 1266 2352 ut
1289 2309 1348 2352 sua
1364 2309 1468 2352 rema·

587 2407 688 2466 neret.
706 2400 745 2464 ln
762 2400 864 2486 primo
888 2421 965 2464 casu
988 2398 1202 2462 communicat
1214 2397 1263 2478 (³),
1281 2395 1469 2460 insecundo

584 2530 659 2573 non.
678 2509 740 2572 Sed
758 2507 845 2594 quid,
866 2507 894 2571 si
909 2507 970 2571 hoo
990 2527 1054 2571 nou
1071 2505 1251 2592 appareat?
1266 2503 1466 2588 Responsio:

583 2616 623 2680 In
643 2617 740 2680 dubio
764 2616 959 2702 presumitur
982 2613 1228 2695 communicata,
1252 2619 1288 2675 ut
1312 2610 1387 2696 Dig.
1412 2633 1466 2676 eo-

585 2725 658 2788 dem
680 2724 701 2788 l.
726 2724 771 2806 I.,
796 2724 814 2805 5
836 2724 891 2787 fin.
918 2730 951 2786 et
974 2723 995 2786 1.
1019 2721 1084 2804 IL,
1109 2721 1184 2784 licet
1215 2721 1280 2784 alia
1303 2720 1344 2784 sit
1367 2719 1464 2804 hujus

585 2832 724 2896 civitatis
755 2839 787 2895 et
816 2830 1029 2918 quarumdam
1059 2830 1226 2894 civitatum
1256 2827 1466 2892 consuetudo.

585 2939 603 3022 5
626 2939 710 3003 Item
730 2939 808 3024 quid
831 2939 858 3002 si
880 2938 940 3002 hec
964 2959 1033 3002 sors
1050 2939 1090 3001 sit
1114 2938 1242 3019 amissa,
1260 2957 1301 2999 an
1325 2941 1466 3000 tantum·

585 3047 658 3112 dem
675 3047 791 3110 debeat
809 3067 979 3133 reponere,
998 3053 1029 3109 ct
1053 3067 1094 3109 an
1118 3047 1159 3109 sit
1184 3065 1317 3110 comune
1341 3043 1466 3130 pericu·

585 3154 652 3218 lum
675 3154 892 3240 [Responsioz
918 3175 981 3218 non
1006 3159 1054 3218 est
1077 3173 1244 3217 commune
1267 3149 1465 3238 perieulum]

584 3269 620 3326 nt
635 3263 690 3326 ille
711 3262 766 3348 qui
785 3282 916 3348 operam
939 3260 1080 3347 ponebat
1099 3259 1220 3346 aliquid
1236 3259 1391 3342 conferat,
1409 3259 1465 3322 sed

582 3374 673 3438 linita
697 3379 746 3436 est
762 3370 924 3456 [societas]
941 3369 1186 3456 interemptione
1203 3389 1321 3448 rorum,
1337 3374 1373 3430 ut
1389 3366 1465 3452 Dig.

587 3482 700 3546 eodem
724 3481 745 3544 l.
762 3501 892 3562 rerum,
917 3479 935 3561 5
959 3479 1130 3558 intereunt,
1152 3497 1226 3540 nam
1250 3481 1282 3539 et
1305 3475 1389 3538 circa
1412 3496 1467 3560 pe·

586 3591 715 3656 cuniam
737 3587 904 3653 consuevit
927 3607 1059 3672 operam
1078 3583 1242 3665 exhibere,
1260 3603 1356 3668 quam
1373 3582 1467 3646 modo

586 3720 651 3763 non
681 3697 813 3761 habent.
837 3694 1023 3760 Aooursius.

648 3805 724 3890 Dig.
739 3825 796 3891 pro
813 3804 900 3869 socio
916 3803 979 3868 1.ιί
994 3823 1057 3866 non
1074 3799 1230 3884 iueri[n]t,
1243 3799 1415 3885 Ulpianus:
1432 3797 1466 3862 Si

587 3937 650 3980 non
674 3915 794 3978 fuerint
813 3919 922 3998 partes
946 3909 1108 3975 societatis
1132 3908 1268 3994 adjecto,
1288 3927 1387 3992 equas
1412 3927 1467 3969 eas

585 4045 655 4088 esso
679 4029 820 4104 constat:
838 4021 958 4084 sivero
981 4017 1140 4106 placuerit
1155 4023 1190 4080 ιιι
1207 4015 1277 4102 quis
1294 4014 1374 4078 duae
1393 4035 1467 4100 par·

584 4139 633 4196 tes
656 4131 709 4196 vel
733 4137 796 4194 tres
820 4128 949 4210 habeat,
974 4127 1057 4190 alius
1081 4145 1190 4207 unam,
1215 4144 1256 4187 an
1280 4122 1413 4186 valeat?
1435 4127 1467 4186 ct

585 4238 693 4325 placet
711 4238 837 4320 valere,
861 4237 888 4299 si
916 4235 1010 4299 modo
1034 4233 1076 4300 ad
1099 4233 1130 4297 id
1144 4231 1269 4318 (optus
1296 4229 1467 4294 contulerit

585 4345 731 4412 societati
747 4346 799 4409 vel
815 4345 960 4432 pecunie,
977 4343 1029 4408 vel
1046 4363 1153 4429 opere,
1166 4341 1219 4406 vcl
1235 4340 1466 4424 cujuscumque

586 4454 717 4518 alterius
734 4454 781 4517 rei
797 4473 894 4517 causa
910 4451 928 4534 5
943 4451 996 4516 Ita
1011 4451 1089 4516 coiri
1106 4450 1293 4516 societatem
1309 4468 1413 4533 posse,
1431 4451 1466 4510 ut

585 4562 708 4624 nullam
737 4567 861 4647 partem
894 4559 1026 4646 dampni
1056 4559 1139 4622 alter
1169 4555 1310 4637 senciat,
1341 4554 1467 4618 lucrum

585 4690 661 4734 vero
687 4690 854 4734 commune
878 4669 930 4752 sit,
948 4667 1077 4732 Cassius
1100 4672 1213 4752 putat3
1237 4663 1323 4750 quod
1343 4663 1388 4726 ita
1412 4660 1466 4726 dc·

585 4797 672 4840 mum
703 4777 840 4858 valebit,
865 4781 901 4840 ut
932 4774 1071 4839 Sabinus
1099 4772 1244 4859 scripsit,
1269 4771 1297 4834 si
1319 4771 1401 4835 tanti
1425 4769 1466 4834 sit

584 4905 699 4972 opera,
724 4885 836 4971 quanti
863 4883 1039 4970 dampnum
1066 4887 1133 4964 est:
1160 4881 1351 4967 plerumque
1378 4877 1465 4942 enim

584 4999 675 5059 tauta
698 5003 747 5058 est
770 4993 928 5058 industria
951 4992 1040 5074 socii,
1064 4989 1195 5076 utplus
1221 4987 1367 5052 societati
1391 5007 1465 5051 con·

584 5101 668 5166 ferat
683 5123 780 5188 quam
803 5100 958 5187 pecunia;
983 5099 1059 5163 item
1090 5097 1117 5161 si
1145 5096 1233 5160 solus
1264 5095 1414 5180 naviget,
1438 5095 1466 5157 si

583 5211 670 5274 solus
692 5210 926 5296 peregrinetur,
942 5206 1088 5294 pericula
1104 5205 1219 5268 subeat
1239 5202 1337 5268 solus.
1354 5201 1465 5266 Aristo

583 5319 682 5383 refert
698 5317 845 5382 Cassium
865 5315 1078 5403 respondisse,
1096 5313 1282 5378 societatem
1304 5318 1414 5375 tamen
1427 5309 1466 5375 (5)

583 5426 662 5491 coiri
685 5446 749 5488 non
778 5445 889 5511 posse,
914 5429 949 5486 ut
972 5422 1055 5486 alter
1076 5421 1201 5484 luorum
1224 5424 1360 5500 tantum,
1382 5417 1465 5481 alter

583 5533 759 5618 dampnum
781 5531 932 5614 sentiret,
956 5537 988 5594 et
1016 5529 1096 5592 alias
1107 5527 1146 5592 (6)
1162 5526 1246 5591 hanc
1277 5525 1464 5590 societatem

581 5641 744 5705 leoninam
765 5640 894 5704 solitum
914 5661 988 5703 eum
1004 5637 1043 5703 (7)
1067 5636 1249 5722 appellare3
1266 5641 1298 5698 et
1315 5656 1372 5699 nos
1389 5655 1463 5697 con·

582 5750 737 5814 sentimus
760 5749 860 5812 talem
882 5747 1070 5810 societatem
1089 5744 1212 5807 nullam
1232 5764 1312 5825 asse,
1330 5749 1365 5806 ut
1381 5742 1464 5805 alter

581 5859 707 5923 lucrum
731 5856 854 5920 senciat
877 5853 1056 5917 alternare
1080 5852 1255 5937 dampnum
1278 5850 1412 5914 sentiret
1432 5855 1465 5913 et

645 6071 683 6137 (1)
705 6069 827 6136 Capitale
845 6068 873 6119 in
893 6065 937 6118 Gl.

644 6163 683 6227 (2)
703 6161 756 6211 Sic.

644 6251 683 6317 (e)
704 6249 925 6301 Communicatcr
943 6247 971 6298 in
991 6245 1035 6298 Gl.

644 6344 683 6410 (4)
702 6341 817 6408 Aliquid
835 6340 863 6391 in
882 6338 980 6391 Textu.

644 6432 683 6498 (5)
707 6429 799 6480 Talem
818 6429 847 6479 in
867 6427 967 6481 Texta.

644 6523 683 6589 (6)
703 6521 756 6572 Sic.

1339 623 1662 674 Monmnronunt

1534 779 1659 842 nullum
1690 778 1832 861 lucrum3
1856 777 2092 863 iniquissimum
2123 776 2208 842 enim
2236 797 2338 862 genus
2367 798 2418 842 so·

1534 885 1660 950 cietatis
1680 893 1738 968 est,
1755 886 1787 950 in
1806 907 1869 972 qua
1886 886 1958 972 quis
1974 885 2149 972 dampnum
2165 891 2198 948 et
2214 905 2278 948 non
2293 885 2420 950 lucrum

1534 1001 1667 1081 spectet.

1597 1101 1737 1165 Paulus:
1754 1100 1879 1165 Mucius
1899 1100 2010 1164 scribit
2033 1121 2097 1165 non
2121 1121 2215 1187 posse
2231 1100 2419 1166 societatem

1535 1209 1624 1292 coiri,
1648 1217 1684 1274 ut
1707 1209 1804 1273 aliam
1827 1210 1969 1295 dampni,
1994 1209 2092 1273 aliam
2115 1209 2197 1274 lucri
2219 1215 2344 1295 partem
2368 1231 2419 1274 so·

1535 1317 1603 1381 cius
1626 1317 1727 1400 ferat3

1598 1425 1748 1508 Servius,
1773 1447 1831 1490 nec
1855 1447 1949 1512 posse
1973 1426 2160 1490 societatem
2184 1426 2229 1490 ita
2256 1425 2414 1509 contrahi,

1533 1553 1637 1620 neque
1660 1533 1843 1616 lccrumlssl,
1858 1533 1919 1598 nisi
1935 1534 2022 1598 omni
2039 1533 2178 1619 dampno
2196 1533 2343 1618 deducto,
2361 1555 2418 1599 ne·

1533 1662 1595 1727 que
1618 1642 1804 1728 dampnum,
1828 1641 1891 1706 nisi
1915 1641 2001 1706 omni
2025 1641 2114 1706 lucro
2139 1640 2287 1706 deducto.

1595 1747 1658 1812 Sed
1675 1756 1781 1835 potest
1796 1750 1934 1813 societas
1951 1749 2098 1815 contrahi
2115 1749 2169 1832 ita,
2184 1756 2220 1813 ut
2236 1751 2306 1834 ejus
2322 1751 2415 1834 lucri,

1531 1855 1616 1943 quod
1641 1857 1800 1943 reliquum
1828 1857 1860 1920 in
1892 1858 2045 1922 societate
2073 1858 2131 1941 sit,
2157 1858 2245 1922 omni
2275 1856 2415 1946 dampno

1530 1961 1678 2046 deducto,
1695 1985 1770 2051 pars
1790 1965 1949 2051 aliquae)
1963 1965 2157 2049 conferatur,
2176 1974 2208 2030 et
2232 1967 2303 2051 ejus
2327 1966 2416 2031 dam·

1531 2071 1602 2157 pni,
1626 2073 1711 2157 quod
1735 2073 1882 2137 similiter
1905 2071 2149 2159 relinqu[a]tur‚
2173 2095 2248 2159 pars
2276 2075 2341 2138 alia
2363 2096 2417 2140 ca·

1531 2177 1650 2264 piatur.

1594 2286 1673 2351 Plus
1690 2287 1861 2353 contulerit
1877 2287 2039 2353 societati:
2061 2287 2096 2352 Si
2121 2297 2229 2353 autem
2253 2311 2318 2354 non
2340 2313 2416 2355 con·

1533 2394 1643 2458 tulerit
1674 2395 1764 2481 plus,
1789 2395 1943 2482 numquid
1974 2395 2035 2461 hoc
2059 2405 2190 2483 pactum
2214 2399 2323 2462 valet?
2346 2399 2416 2484 qui·

1532 2500 1616 2584 dam,
1634 2509 1669 2566 ut
1692 2503 1790 2586 Aac,
1807 2503 1893 2589 quod
1908 2525 1982 2587 non,
2000 2511 2035 2568 ut
2054 2505 2121 2586 hic,
2138 2511 2170 2569 et
2189 2505 2275 2570 infra
2297 2506 2412 2570 eodem

1531 2609 1608 2696 quid
1638 2610 1724 2674 enirn
1747 2611 1765 2694 5
1792 2611 1881 2676 illud.
1907 2612 1949 2676 Et
1972 2619 2022 2676 est
2045 2613 2146 2696 ratio,
2171 2615 2247 2699 quia
2278 2614 2416 2678 societas

1529 2717 1628 2783 habet
1649 2720 1702 2804 jus
1725 2719 1948 2803 fraternitatis,
1965 2720 2051 2786 unde
2074 2721 2150 2785 licet
2173 2720 2281 2804 alia[s]
2302 2723 2414 2806 hujus·

1530 2826 1616 2891 modi
1632 2835 1728 2914 pacta
1743 2835 1913 2893 serventur
1928 2829 2050 2894 scilicet
2063 2828 2121 2894 (¹⁰)
2133 2829 2271 2916 depositi
2287 2831 2308 2894 l.
2326 2833 2339 2894 l
2359 2831 2376 2912 5
2397 2835 2423 2895 l·

1530 2934 1558 2998 si
1580 2935 1739 3019 convenit,
1755 2935 1808 3001 hic
1831 2943 1939 3001 tamen
1964 2958 2027 3002 non
2049 2937 2189 3020 valeant,
2207 2945 2243 3002 ut
2259 2938 2344 3002 inira
2360 2960 2415 3002 ea·

1530 3042 1603 3106 dem
1626 3043 1647 3106 1.
1671 3043 1689 3126 5
1712 3043 1786 3128 fin,
1810 3051 1842 3108 et
1865 3043 1950 3108 inira
1980 3043 2094 3110 eodem
2121 3044 2143 3109 l.
2168 3066 2279 3109 verum
2310 3045 2337 3111 Ι.
2361 3067 2413 3110 re·

1531 3171 1659 3236 sponso.

1591 3261 1657 3324 Alii
1682 3261 1808 3344 dicunt,
1832 3269 1868 3325 ut
1891 3261 2052 3344 Joannes,
2077 3262 2163 3348 quod
2186 3263 2291 3346 valet,
2316 3269 2349 3327 et
2376 3263 2415 3326 li·

1529 3367 1643 3432 benter
1666 3369 1801 3432 audiunt
1817 3368 1938 3434 (lllhic
1965 3371 2123 3452 maxim03
2141 3391 2216 3434 nam
2244 3370 2305 3434 hoc
2331 3370 2413 3456 ipso,

1531 3476 1617 3562 quod
1640 3476 1745 3541 socius
1768 3477 1819 3560 sit,
1843 3475 1953 3541 dicunt
1984 3476 2039 3541 alii
2071 3477 2181 3542 afferri
2211 3477 2415 3542 commodum

1532 3583 1672 3670 aliquod,
1697 3591 1733 3647 ut
1755 3591 2000 3669 argumentatur
2023 3583 2107 3649 inira
2131 3585 2170 3650 de
2194 3585 2415 3650 contrahenda

1531 3693 1702 3778 emptione,
1719 3693 1741 3756 l.
1758 3690 1850 3757 fundi
1869 3699 2004 3778 partem.
2021 3693 2133 3776 Tertii,
2149 3701 2185 3757 ut
2200 3692 2274 3775 Al,
2291 3693 2413 3776 dicunt,

1531 3799 1616 3886 quod
1639 3799 1727 3864 valet
1746 3800 1820 3884 jure
1843 3800 1939 3886 pacti,
1965 3821 2028 3865 non
2050 3800 2123 3885 jure
2148 3801 2322 3866 societatis.
2348 3800 2415 3864 Sed

1531 3907 1635 3993 prima
1658 3907 1765 3972 verior
1788 3915 1846 3972 est.

1594 4015 1691 4080 Tanti
1714 4017 1755 4080 sit
1779 4038 1894 4103 opera:
1920 4016 2050 4082 Scilicet
2073 4017 2269 4082 extimanda.

1594 4123 1715 4198 Quanti
1738 4126 1913 4212 dampnum
1937 4133 2001 4190 est:
2020 4124 2109 4190 ldest
2124 4125 2303 4212 periculum
2322 4125 2414 4188 dam·

1530 4231 1586 4318 pni
1609 4231 1777 4297 subeundi.

1594 4340 1629 4404 Si
1651 4341 1738 4405 solus
1754 4342 1996 4428 peregrinetur:
2014 4341 2104 4406 Idest
2125 4343 2193 4406 sine
2215 4341 2313 4406 socio.
2330 4341 2413 4406 Aac.

1531 4447 1596 4513 Sed
1619 4449 1696 4535 quid
1720 4450 1747 4514 si
1768 4449 1922 4536 perdatur
1937 4451 2074 4537 pecunia
2091 4451 2189 4515 talis?
2206 4471 2248 4514 an
2268 4451 2309 4513 sit
2327 4451 2414 4536 peri·

1530 4557 1638 4622 culum
1662 4559 1854 4622 commune?
1877 4558 1898 4622 J
1901 4579 2038 4623 oannes:
2059 4579 2133 4641 nou,
2150 4558 2211 4622 uisi
2226 4557 2288 4622 hoc
2304 4564 2414 4621 aetum

1530 4673 1597 4749 est:
1614 4665 1695 4730 sicut
1714 4665 1742 4730 si
1758 4666 1840 4730 alter
1856 4667 1911 4752 qui
1935 4687 2049 4752 operas
2072 4672 2205 4752 prestat,
2222 4673 2412 4747 moreretur,

1529 4795 1593 4838 non
1617 4780 1701 4838 esset
1724 4794 1904 4838 commune.
1929 4773 1994 4838 Sed
2017 4794 2059 4837 au
2082 4781 2191 4860 posset
2210 4795 2293 4837 unus
2311 4773 2413 4836 alium

1530 4881 1723 4967 compellere
1735 4881 1787 4944 vel
1800 4881 1857 4946 (12)
1870 4880 2007 4968 operari,
2020 4880 2073 4946 vel
2089 4887 2125 4945 ut
2139 4881 2340 4945 tantumdem
2356 4901 2413 4966 pa-

1530 4989 1622 5053 cunie
1649 4990 1815 5074 reportet?
1837 4987 2032 5075 Responsio:
2050 4988 2134 5071 Non,
2148 4989 2224 5074 quia
2241 4988 2345 5054 soluta
2362 4995 2413 5052 cst

1529 5097 1666 5161 societas
1696 5097 1942 5182 interemptione
1968 5118 2093 5180 rerum,
2117 5102 2153 5161 ut
2179 5095 2264 5159 inira
2295 5095 2410 5159 eodem

1529 5227 1642 5269 verum
1666 5205 1684 5287 5
1707 5204 1761 5269 fin.

1592 5312 1635 5376 Et
1658 5313 1741 5377 alter
1763 5333 1840 5376 vero
1865 5312 2056 5398 dampnum:
2081 5311 2211 5377 Scilicet
2237 5317 2351 5392 totum,
2375 5317 2413 5374 ut

1529 5419 1778 5503 subjicit3idem
1801 5426 1850 5484 est
1874 5420 1901 5484 si
1924 5427 2050 5506 partem
2073 5419 2204 5506 dampni
2228 5419 2360 5501 senciat,
2377 5426 2413 5484 et

1528 5527 1628 5592 nichil
1642 5527 1733 5592 lucri.
1750 5526 1830 5592 Aac.
1849 5525 1913 5592 Sed
1936 5549 2009 5592 cum
2033 5527 2189 5612 majorem
2212 5534 2337 5612 partem
2360 5526 2413 5590 ln·

1527 5635 1587 5719 cri,
1605 5643 1637 5700 et
1661 5636 1818 5700 minorem
1841 5633 1998 5721 [dampni]
2019 5656 2062 5700 ex
2078 5641 2173 5722 pacto
2189 5642 2323 5721 possunt
2338 5657 2413 5720 per·

1527 5745 1644 5830 cipere,
1661 5751 1697 5807 ut
1718 5765 1816 5830 supra
1836 5743 1949 5807 eadem
1966 5743 1998 5806 in
2022 5743 2176 5829 princip,
2194 5743 2265 5828 quis
2289 5744 2349 5807 erit
2374 5743 2413 5806 fi-

1527 5852 1601 5916 nis?
1613 5850 1750 5914 Videtur
1767 5850 1852 5914 enim
1869 5851 1954 5936 quod
1970 5849 1997 5914 si
2013 5849 2112 5914 etiam
2127 5871 2227 5914 unum
2243 5847 2412 5915 nummum

1591 6069 1630 6134 (7)
1650 6066 1682 6119 In
1702 6067 1761 6120 cod.
1779 6063 1801 6119 ἓ.

1592 6159 1630 6224 (8)
1650 6157 1720 6210 Vide
1739 6157 1821 6209 inira.

1591 6249 1631 6313 (9)
1650 6247 1717 6297 Alia
1735 6247 1763 6298 in
1782 6246 1826 6298 Gl.

1574 6341 1631 6406 (10)
1655 6338 1687 6391 Ut
1704 6354 1790 6404 supra
1809 6338 1837 6389 in
1857 6337 1901 6389 (ll.

1574 6429 1632 6495 (11)
1651 6428 1823 6481 schamtona
1841 6428 1869 6478 in
1889 6426 1932 6478 Gi.

1574 6521 1631 6586 (12)
1651 6519 1704 6572 sio.
