5484 7746
658 693 889 743 scurranum
908 694 959 743 nu
980 692 1144 742 causamn
1164 690 1529 741 nncmornconoaum
1548 691 1651 742 acon.
1672 690 1809 741 Boron.
2065 671 2140 740 253

1203 1147 1262 1210 vl.

1083 1363 1179 1445 1206,
1205 1363 1246 1424 18
1270 1364 1386 1426 tiranii.

595 1574 647 1638 Ex
671 1574 759 1638 arch.
785 1574 890 1660 Capit.
914 1572 1085 1660 Metropol.
1110 1574 1247 1657 bonon,
1272 1575 1304 1638 in
1333 1600 1347 1633 ι
1373 1573 1469 1639 Libro
1491 1576 1608 1638 Arium
1635 1598 1664 1657 a,
1689 1595 1753 1638 car.
1782 1573 1884 1638 llll).

413 1788 622 1852 Innocentius
646 1787 825 1873 episcopus,
843 1808 955 1852 servus
972 1808 1139 1851 serrorum
1163 1788 1243 1870 Dei,
1268 1788 1384 1852 dilecto
1408 1788 1474 1852 filio
1497 1787 1608 1852 abbati
1631 1787 1734 1852 sancti
1757 1787 1889 1852 Proculi
1910 1786 2067 1869 Bononie,
2087 1807 2137 1848 aa·

323 1897 425 1960 lutam
448 1903 480 1959 et
502 1895 713 1980 apostolicam
736 1895 1001 1960 benedictionem.

414 2003 504 2066 Sient
527 2003 635 2066 dilecti
658 2003 716 2066 filii
740 2002 995 2086 archidiaconns,
1021 2003 1269 2089 archipresbiter
1293 2011 1325 2068 ot
1349 2003 1531 2090 Capitulum
1556 2005 1702 2070 Bononie
1726 2025 1785 2068 sua
1809 2002 1900 2068 uobis
1924 2001 2138 2065 insinuatione

323 2117 553 2192 monstrarunt,
571 2117 727 2174 statutum
751 2110 921 2174 habentia
943 2131 1055 2176 eorum
1071 2111 1217 2175 Ecclesia
1231 2112 1414 2195 juramento
1437 2111 1604 2196 vallatum,
1622 2133 1684 2196 quo
1701 2118 1775 2176 sunt
1791 2110 1913 2174 astricti
1936 2109 2060 2173 nullum
2081 2108 2137 2173 eli·

322 2239 399 2304 gere
425 2218 476 2281 vel
499 2218 642 2304 recipere
667 2217 700 2280 in
723 2219 923 2300 canonicum,
948 2218 1009 2282 nisi
1034 2218 1074 2282 ad
1099 2240 1172 2282 eum
1196 2218 1352 2301 ordinem,
1369 2219 1421 2283 vel
1445 2219 1652 2311 superiorem,
1674 2220 1707 2283 in
1731 2241 1794 2304 qno
1817 2219 1923 2282 fuerat
1947 2216 2062 2281 cedens
2086 2238 2138 2280 ca·

322 2326 456 2389 nonicus
488 2326 541 2389 rel
572 2324 750 2407 decedens,
775 2346 834 2389 neo
864 2325 1003 2388 electum
1032 2325 1086 2389 rel
1114 2326 1337 2390 confirmatum
1366 2326 1398 2388 in
1424 2327 1613 2390 canonicum
1644 2326 1812 2390 admittere
1837 2325 1878 2388 ad
1901 2324 2139 2410 perceptionem

323 2433 503 2519 prebende,
528 2433 590 2495 nisi
613 2432 716 2517 primo
740 2453 774 2496 se
799 2431 897 2496 faciat
919 2433 1103 2519 promoveri
1126 2433 1166 2495 ad
1191 2434 1335 2497 ordinem
1359 2433 1401 2497 ad
1424 2455 1520 2519 quem
1549 2440 1697 2519 receptus
1721 2433 1818 2497 fuerit
1841 2433 1891 2496 vol
1919 2432 2057 2512 electus,
2080 2453 2138 2496 nec

323 2541 507 2626 permittere
533 2540 623 2606 illnm
646 2539 679 2602 in
702 2539 805 2624 primo
828 2541 1020 2625 receptionis
1045 2562 1100 2604 suc
1118 2562 1202 2604 anno
1224 2541 1388 2626 percipere
1410 2541 1572 2627 prebende
1589 2563 1645 2605 sue
1661 2549 1846 2627 proventus,
1863 2547 1971 2625 preter
1986 2538 2139 2603 victualia

323 2650 402 2728 sola,
420 2649 476 2711 sed
500 2653 675 2732 proventus
699 2647 785 2710 illins
810 2647 886 2710 anni
909 2654 1138 2712 convertentur
1154 2649 1186 2711 in
1203 2649 1429 2712 canonicorum
1449 2648 1604 2712 utilitates
1620 2669 1816 2729 communes,
1832 2668 1936 2732 neque
1953 2647 2138 2732 permittere

322 2755 428 2841 ipsum
454 2753 614 2840 prebende
638 2774 694 2816 sue
719 2753 842 2817 fructus
865 2755 1041 2840 percipere,
1059 2776 1117 2818 nco
1141 2755 1310 2818 admittere
1327 2754 1368 2818 ad
1385 2776 1569 2818 communes
1592 2761 1749 2819 tractatus
1773 2753 1916 2839 capituli,
1933 2753 1995 2816 nisi
2010 2753 2050 2816 de
2067 2775 2138 2838 pre·

322 2862 427 2926 missis
451 2861 599 2925 omnibus
622 2867 655 2924 ct
678 2860 815 2944 singulis
840 2861 1049 2926 observandis
1071 2861 1247 2945 juramenti
1275 2862 1402 2925 vinculo
1434 2883 1468 2925 se
1500 2862 1668 2946 astringat.
1700 2860 1753 2926 Ad
1783 2861 1843 2925 hec
1874 2860 1914 2923 de
1945 2859 2078 2946 antiqua
2107 2867 2140 2924 et

322 2968 501 3055 approbata
526 2966 757 3032 consuetudine
780 2967 936 3032 hactenns
960 2969 993 3032 in
1017 2969 1131 3033 cadem
1153 2969 1300 3032 Ecclesia
1325 2976 1372 3032 cst
1397 2969 1573 3051 obtentum,
1598 2969 1684 3054 quod
1715 2968 1850 3033 Camere
1882 2967 2064 3031 cedentium
2087 2967 2139 3031 rel

322 3076 545 3140 decedentium
570 3075 797 3139 canonicorum
821 3075 862 3138 ad
886 3097 1087 3140 successores
1112 3097 1174 3140 non
1198 3083 1375 3158 transeant,
1393 3076 1448 3140 scd
1466 3077 1677 3162 disponantur
1692 3076 1793 3141 libere
1818 3096 1875 3160 per
1899 3075 2084 3160 Capitulum
2108 3082 2140 3139 ct

322 3185 420 3247 etiam
445 3182 670 3246 concedantur.
696 3182 777 3246 Cum
801 3183 900 3267 igitur
923 3189 1079 3247 statutum
1102 3183 1288 3267 hujusmodi
1311 3185 1352 3248 sit
1368 3185 1558 3248 anctoritate
1576 3184 1753 3269 apostolica
1769 3183 2002 3264 confirmatum,
2019 3189 2051 3245 et
2066 3204 2138 3268 pre·

322 3290 407 3354 dicta
431 3289 629 3353 consuetudo
653 3289 694 3353 sit
719 3289 797 3353 inibi
821 3290 976 3353 hactenus
1001 3291 1133 3376 pacifico
1158 3291 1339 3373 observata,
1358 3291 1542 3355 discretioni
1561 3298 1616 3354 tue
1632 3313 1690 3376 per
1706 3290 1884 3378 apostolica
1906 3290 2026 3375 scripta
2049 3311 2139 3354 man·

322 3397 453 3478 dantus,
479 3397 630 3481 quatinus
655 3416 717 3460 non
741 3397 909 3482 permittas
933 3397 1034 3460 dictos
1059 3398 1337 3480 archidiaconum,
1362 3398 1667 3483 archipresbiterum
1690 3405 1723 3462 ct
1750 3397 1935 3483 Capitulum
1963 3418 2059 3482 super
2090 3397 2139 3460 his

318 3505 360 3568 ab
384 3491 545 3588 aliquibus
569 3503 710 3566 indebito
734 3503 909 3585 molestari,
927 3504 1148 3568 molestatores
1172 3505 1356 3589 hujusmodi
1375 3526 1618 3590 percensuram
1638 3504 1899 3586 ecclesiasticam,
1918 3504 2134 3590 appellatione

318 3612 506 3697 postposita,
532 3611 774 3696 compescendo.

408 3718 530 3781 Datum
552 3717 679 3781 Perusii
703 3718 941 3803 quintodecimo
965 3719 1123 3783 kalendas
1147 3720 1268 3806 aprilis,
1293 3719 1498 3805 pontificatus
1521 3719 1622 3784 nostri
1646 3739 1731 3783 anno
1754 3739 1838 3783 nono
1851 3718 1901 3783 (2).

1187 4041 1265 4107 Vll.

899 4255 996 4337 1207,
1019 4255 1063 4317 22
1085 4257 1210 4339 aequati
1232 4262 1259 4320 et
1283 4256 1380 4337 1213,
1406 4255 1447 4317 15
1469 4256 1560 4319 iunii.

570 4467 623 4531 Ex
648 4467 780 4533 archivo
804 4469 909 4554 Capit.
933 4468 1174 4556 Metropolitani
1198 4469 1334 4552 bonon,
1360 4469 1502 4533 nuncin
1526 4470 1614 4534 arch.
1638 4469 1727 4534 Max.
1752 4470 1887 4551 bonoa,

854 4582 931 4640 sect.
954 4601 969 4634 ι
992 4576 1177 4641 Demaaiule
1201 4601 1231 4658 a,
1257 4599 1343 4641 num.
1361 4558 1423 4672 ἐξ,
1447 4577 1517 4641 doc.
1546 4580 1596 4642 13.

407 4786 598 4871 G[erarclus]
623 4788 685 4852 Dci
709 4791 815 4874 gratia
839 4790 1053 4854 Bononiensis
1076 4791 1272 4878 Episcopus,
1296 4792 1421 4856 dilectis
1449 4792 1481 4856 in
1514 4792 1641 4857 Christo
1672 4791 1825 4856 fratribus
1853 4790 1996 4856 Henrico
2020 4790 2137 4855 Archi·

319 4894 454 4959 diacono
471 4901 503 4958 ct
519 4894 540 4959 J
544 4895 628 4959 udici
651 4895 933 4982 Archipresbitero
951 4905 982 4962 et
998 4898 1166 4962 Universis
1190 4900 1361 4964 Cauoniois
1384 4899 1598 4965 Bononiensis
1622 4898 1786 4985 Capit[uli,
1803 4897 1991 4981 [sa]l[utem]
2009 4899 2041 4962 iu
2057 4898 2137 4981 D[o·

317 5001 427 5084 miuol.
452 5003 533 5067 Cum
557 5025 598 5066 ex
623 5004 718 5088 officij
743 5004 851 5069 debito
876 5006 970 5070 nobis
994 5007 1171 5088 commissi,
1196 5029 1235 5070 ca
1259 5029 1320 5092 que
1344 5009 1433 5094 pacis
1457 5015 1532 5071 sunt
1555 5014 1587 5071 et
1610 5007 1779 5072 concordie
1801 5015 1969 5070 teneamur
1997 5007 2137 5093 quadam

318 5130 415 5172 manu
439 5108 725 5193 solicitudin[is]l3l
743 5161 1085 5177 ...........
1103 5114 1346 5197 refutationem,
1363 5114 1600 5178 transacionem
1624 5121 1656 5178 et
1679 5115 1917 5179 concessionem
1942 5113 1981 5178 dc
2005 5114 2136 5179 decimis

318 5217 467 5302 plebatus
490 5217 660 5300 Medicina,
685 5219 767 5282 inter
791 5219 987 5284 bononiense
1012 5221 1196 5306 Capitulum
1221 5220 1277 5304 [et]
1304 5271 1443 5286 .....
1469 5221 1634 5286 Ubaldum
1656 5221 1823 5286 Vicarinm
1853 5221 1964 5286 Plebis
1995 5228 2027 5285 ct
2056 5222 2136 5286 alios

318 5324 451 5388 clericos
475 5325 515 5388 de
539 5325 701 5389 Medicina
725 5333 757 5389 et
781 5327 879 5391 laicos
904 5349 945 5391 cx
970 5328 1091 5410 altera,
1115 5349 1173 5413 pro
1202 5328 1286 5392 bono
1318 5330 1407 5414 pacis
1437 5329 1651 5392 amicabiliter
1675 5376 1881 5394 .......
1907 5329 1955 5412 [ut
1978 5351 2019 5392 ex
2044 5328 2136 5412 actis]

315 5432 406 5496 Petri
430 5433 546 5497 notarii
571 5434 762 5518 continetur,
779 5436 927 5500 volumus
948 5436 1123 5500 observari.
1148 5436 1256 5502 Tenor
1279 5445 1385 5502 autem
1410 5438 1613 5502 instrumenti
1633 5437 1708 5501 talis
1732 5445 1780 5502 cst
1796 5445 1828 5502 et
1844 5437 1889 5502 sic
1906 5437 2033 5523 incipit:
2060 5487 2067 5502 .
2093 5487 2100 5502 .
2126 5487 2135 5503 .

405 5647 578 5713 Millesimo
602 5650 822 5715 ducentesimo
846 5652 993 5737 septimo,
1015 5651 1184 5716 undecimo
1208 5651 1366 5716 kalendas
1390 5652 1598 5738 septembris,
1623 5652 1795 5717 indictione
1819 5651 1968 5736 de[cima]
1994 5701 2135 5719 .....

315 5803 727 5823 .............
754 5758 939 5844 Capitulum
962 5759 1168 5822 bononiensis
1191 5759 1336 5824 Ecclesia
1360 5781 1402 5823 ex
1425 5780 1490 5823 uua
1514 5768 1623 5846 parte,
1649 5767 1681 5824 et
1704 5760 1837 5825 clericos
1864 5769 1897 5825 et
1919 5761 2065 5826 homines
2096 5762 2135 5825 de

316 5860 477 5926 Medicina
500 5885 542 5927 ox
566 5865 681 5950 altera·
694 5913 1003 5931 ..........
1028 5865 1085 5949 e[t]
1110 5866 1296 5953 Capitulum
1319 5867 1526 5932 bononiensis
1550 5867 1695 5932 Ecclesia
1726 5868 1866 5932 decimas
1898 5869 2135 5953 posscssionum

315 5968 471 6033 Plcbatns
496 5971 655 6036 Medicina
679 5973 840 6058 pertinere
858 6022 1232 6039 ............
1257 5975 1365 6061 [l]ayci
1388 6024 1630 6041 ........
1630 5995 1632 6000 ·
1655 6025 1663 6041 .
1689 6025 1696 6040 .
1722 5975 1872 6040 dicebant
1896 5997 1950 6038 eas
1975 5976 2135 6061 pertinere

396 6273 435 6335 (1)
457 6271 512 6323 Csr.
533 6271 643 6337 Sarioli,
663 6273 737 6326 dnn.
757 6273 823 6338 toa,
843 6275 896 6326 vol.
917 6274 1201 6344 11.‚par.11.,psg.
1222 6279 1283 6340 2'l'l,
1303 6293 1376 6327 num.
1397 6275 1565 6327 CCCLXIX.

397 6363 436 6426 (2)
456 6360 611 6413 Innocentii
624 6363 676 6414 111.
690 6363 778 6416 literis
798 6364 922 6416 addimus
940 6365 1009 6417 alias
1029 6365 1143 6417 Honorii
1156 6364 1208 6416 111.
1223 6366 1287 6416 anni
1307 6363 1586 6432 nooxxl11.,quae
1606 6367 1746 6434 pertinent
1764 6366 1798 6418 ad
1816 6366 1918 6418 similia
1937 6365 2135 6419 Canonicorum

320 6448 461 6501 Ecclesiae
481 6450 655 6503 bononiensis
674 6451 792 6504 statuta.

394 6540 433 6604 (3)
454 6539 515 6591 Hac
534 6540 563 6591 in
583 6542 743 6594 membrana
762 6543 897 6594 multifori
916 6545 1004 6596 multa
1021 6545 1218 6597 desiderantur.
