<?xml version="1.0" encoding="UTF-8"?>
<!DOCTYPE html PUBLIC "-//W3C//DTD XHTML 1.0 Transitional//EN"
    "http://www.w3.org/TR/xhtml1/DTD/xhtml1-transitional.dtd">
<html xmlns="http://www.w3.org/1999/xhtml" xml:lang="en" lang="en">
 <head>
  <title>
</title>
<meta http-equiv="Content-Type" content="text/html;charset=utf-8" />
  <meta name='ocr-system' content='tesseract 3.04.00' />
  <meta name='ocr-capabilities' content='ocr_page ocr_carea ocr_par ocr_line ocrx_word'/>
</head>
<body>
  <div class='ocr_page' id='page_1' title='image "./declarisarchigy00albigoog_0142.png"; bbox 0 0 5490 7750; ppageno 0'>
   <div class='ocr_carea' id='block_1_1' title="bbox 623 578 1651 648">
    <p class='ocr_par' dir='ltr' id='par_1_1' title="bbox 623 578 1651 648">
     <span class='ocr_line' id='line_1_1' title="bbox 623 578 1651 648; baseline 0.001 -1"><span class='ocrx_word' id='word_1_1' title='bbox 623 578 696 647; x_wconf 76' lang='lat'>132</span> <span class='ocrx_word' id='word_1_2' title='bbox 1410 597 1651 648; x_wconf 81' lang='lat' dir='ltr'>nonnusnrn</span> 
     </span>
    </p>
   </div>
   <div class='ocr_carea' id='block_1_2' title="bbox 612 754 2446 6535">
    <p class='ocr_par' dir='ltr' id='par_1_2' title="bbox 613 754 2435 1053">
     <span class='ocr_line' id='line_1_2' title="bbox 613 754 2435 842; baseline 0.002 -26"><span class='ocrx_word' id='word_1_3' title='bbox 613 761 688 818; x_wconf 90' lang='lat' dir='ltr'>tunc</span> <span class='ocrx_word' id='word_1_4' title='bbox 711 762 841 840; x_wconf 90' lang='lat' dir='ltr'>sperata</span> <span class='ocrx_word' id='word_1_5' title='bbox 866 755 1126 818; x_wconf 80' lang='lat' dir='ltr'>reconciliatione</span> <span class='ocrx_word' id='word_1_6' title='bbox 1151 754 1292 841; x_wconf 87' lang='lat' dir='ltr'>ipsorum</span> <span class='ocrx_word' id='word_1_7' title='bbox 1317 755 1441 818; x_wconf 78' lang='lat' dir='ltr'>litteras</span> <span class='ocrx_word' id='word_1_8' title='bbox 1466 754 1555 819; x_wconf 91' lang='lat' dir='ltr'>bulla</span> <span class='ocrx_word' id='word_1_9' title='bbox 1579 762 1689 820; x_wconf 88' lang='lat' dir='ltr'>nostra</span> <span class='ocrx_word' id='word_1_10' title='bbox 1713 755 1853 818; x_wconf 91' lang='lat' dir='ltr'>munitas</span> <span class='ocrx_word' id='word_1_11' title='bbox 1868 755 1938 819; x_wconf 89' lang='lat' dir='ltr'>fieri</span> <span class='ocrx_word' id='word_1_12' title='bbox 1954 755 2089 818; x_wconf 81' lang='lat' dir='ltr'>fecimus</span> <span class='ocrx_word' id='word_1_13' title='bbox 2105 755 2146 818; x_wconf 89' lang='lat' dir='ltr'>ad</span> <span class='ocrx_word' id='word_1_14' title='bbox 2163 763 2350 842; x_wconf 90' lang='lat' dir='ltr'>perpetuam</span> <span class='ocrx_word' id='word_1_15' title='bbox 2369 777 2435 820; x_wconf 89' lang='lat' dir='ltr'>rne-</span> 
     </span>
     <span class='ocr_line' id='line_1_3' title="bbox 614 861 2435 948; baseline 0.002 -25"><span class='ocrx_word' id='word_1_16' title='bbox 614 863 749 924; x_wconf 90' lang='lat' dir='ltr'>moriam</span> <span class='ocrx_word' id='word_1_17' title='bbox 772 861 1011 947; x_wconf 84' lang='lat' dir='ltr'>premissorum,</span> <span class='ocrx_word' id='word_1_18' title='bbox 1029 883 1164 948; x_wconf 91' lang='lat' dir='ltr'>quarum</span> <span class='ocrx_word' id='word_1_19' title='bbox 1183 862 1308 947; x_wconf 88' lang='lat' dir='ltr'>copiam</span> <span class='ocrx_word' id='word_1_20' title='bbox 1324 862 1384 926; x_wconf 93' lang='lat' dir='ltr'>snb</span> <span class='ocrx_word' id='word_1_21' title='bbox 1400 862 1489 925; x_wconf 91' lang='lat' dir='ltr'>bulla</span> <span class='ocrx_word' id='word_1_22' title='bbox 1515 869 1624 926; x_wconf 87' lang='lat' dir='ltr'>nostra</span> <span class='ocrx_word' id='word_1_23' title='bbox 1648 862 1716 944; x_wconf 93' lang='lat' dir='ltr'>tibi,</span> <span class='ocrx_word' id='word_1_24' title='bbox 1735 868 1769 926; x_wconf 89' lang='lat' dir='ltr'>ut</span> <span class='ocrx_word' id='word_1_25' title='bbox 1784 883 1881 948; x_wconf 85' lang='lat' dir='ltr'>snper</span> <span class='ocrx_word' id='word_1_26' title='bbox 1898 863 1944 925; x_wconf 91' lang='lat' dir='ltr'>eis</span> <span class='ocrx_word' id='word_1_27' title='bbox 1961 862 2086 948; x_wconf 91' lang='lat' dir='ltr'>plenius</span> <span class='ocrx_word' id='word_1_28' title='bbox 2103 863 2282 943; x_wconf 88' lang='lat' dir='ltr'>instruaris,</span> <span class='ocrx_word' id='word_1_29' title='bbox 2300 862 2435 927; x_wconf 82' lang='lat' dir='ltr'>fecimus</span> 
     </span>
     <span class='ocr_line' id='line_1_4' title="bbox 615 969 784 1053; baseline 0.012 -23"><span class='ocrx_word' id='word_1_30' title='bbox 615 969 784 1053; x_wconf 85' lang='lat' dir='ltr'>assignari.</span> 
     </span>
    </p>

    <p class='ocr_par' dir='ltr' id='par_1_3' title="bbox 612 1077 2446 6535">
     <span class='ocr_line' id='line_1_5' title="bbox 704 1077 2434 1164; baseline 0.002 -25"><span class='ocrx_word' id='word_1_31' title='bbox 704 1077 825 1140; x_wconf 78' lang='lat' dir='ltr'>l&#39;ernm</span> <span class='ocrx_word' id='word_1_32' title='bbox 851 1077 926 1162; x_wconf 92' lang='lat' dir='ltr'>quia</span> <span class='ocrx_word' id='word_1_33' title='bbox 950 1077 1164 1156; x_wconf 67' lang='lat' dir='ltr'>Universitas,</span> <span class='ocrx_word' id='word_1_34' title='bbox 1181 1078 1320 1162; x_wconf 91' lang='lat' dir='ltr'>populus</span> <span class='ocrx_word' id='word_1_35' title='bbox 1344 1084 1375 1140; x_wconf 90' lang='lat' dir='ltr'>et</span> <span class='ocrx_word' id='word_1_36' title='bbox 1400 1077 1576 1141; x_wconf 89' lang='lat' dir='ltr'>Commune</span> <span class='ocrx_word' id='word_1_37' title='bbox 1601 1077 1718 1164; x_wconf 88' lang='lat' dir='ltr'>prefati</span> <span class='ocrx_word' id='word_1_38' title='bbox 1742 1085 1893 1141; x_wconf 87' lang='lat' dir='ltr'>contenta</span> <span class='ocrx_word' id='word_1_39' title='bbox 1918 1079 1949 1142; x_wconf 94' lang='lat' dir='ltr'>in</span> <span class='ocrx_word' id='word_1_40' title='bbox 1973 1078 2093 1142; x_wconf 90' lang='lat' dir='ltr'>eisdem</span> <span class='ocrx_word' id='word_1_41' title='bbox 2113 1078 2229 1142; x_wconf 90' lang='lat' dir='ltr'>litteris</span> <span class='ocrx_word' id='word_1_42' title='bbox 2246 1079 2434 1164; x_wconf 89' lang='lat' dir='ltr'>adimplere,</span> 
     </span>
     <span class='ocr_line' id='line_1_6' title="bbox 613 1183 2435 1270; baseline 0.001 -24"><span class='ocrx_word' id='word_1_43' title='bbox 613 1194 708 1269; x_wconf 91' lang='lat' dir='ltr'>pront</span> <span class='ocrx_word' id='word_1_44' title='bbox 733 1184 935 1266; x_wconf 87' lang='lat' dir='ltr'>tenebantur,</span> <span class='ocrx_word' id='word_1_45' title='bbox 960 1183 1045 1248; x_wconf 89' lang='lat' dir='ltr'>infra</span> <span class='ocrx_word' id='word_1_46' title='bbox 1068 1185 1241 1248; x_wconf 87' lang='lat' dir='ltr'>terminum</span> <span class='ocrx_word' id='word_1_47' title='bbox 1266 1183 1307 1247; x_wconf 91' lang='lat' dir='ltr'>ad</span> <span class='ocrx_word' id='word_1_48' title='bbox 1330 1185 1391 1248; x_wconf 90' lang='lat' dir='ltr'>hoo</span> <span class='ocrx_word' id='word_1_49' title='bbox 1415 1185 1447 1248; x_wconf 94' lang='lat' dir='ltr'>in</span> <span class='ocrx_word' id='word_1_50' title='bbox 1471 1185 1565 1248; x_wconf 90' lang='lat' dir='ltr'>dictis</span> <span class='ocrx_word' id='word_1_51' title='bbox 1600 1185 1716 1248; x_wconf 89' lang='lat' dir='ltr'>litteris</span> <span class='ocrx_word' id='word_1_52' title='bbox 1746 1185 1793 1248; x_wconf 88' lang='lat' dir='ltr'>eis</span> <span class='ocrx_word' id='word_1_53' title='bbox 1825 1185 1983 1270; x_wconf 86' lang='lat' dir='ltr'>prefixum</span> <span class='ocrx_word' id='word_1_54' title='bbox 2008 1186 2137 1250; x_wconf 92' lang='lat' dir='ltr'>minime</span> <span class='ocrx_word' id='word_1_55' title='bbox 2166 1193 2377 1268; x_wconf 83' lang='lat' dir='ltr'>curaverunt,</span> <span class='ocrx_word' id='word_1_56' title='bbox 2402 1187 2435 1249; x_wconf 91' lang='lat' dir='ltr'>in</span> 
     </span>
     <span class='ocr_line' id='line_1_7' title="bbox 613 1291 2435 1378; baseline 0.001 -23"><span class='ocrx_word' id='word_1_57' title='bbox 613 1312 724 1355; x_wconf 92' lang='lat' dir='ltr'>omnes</span> <span class='ocrx_word' id='word_1_58' title='bbox 748 1312 849 1377; x_wconf 90' lang='lat' dir='ltr'>penas</span> <span class='ocrx_word' id='word_1_59' title='bbox 873 1299 905 1354; x_wconf 90' lang='lat' dir='ltr'>et</span> <span class='ocrx_word' id='word_1_60' title='bbox 929 1292 1127 1373; x_wconf 90' lang='lat' dir='ltr'>sententias,</span> <span class='ocrx_word' id='word_1_61' title='bbox 1152 1291 1268 1376; x_wconf 88' lang='lat' dir='ltr'>quibus</span> <span class='ocrx_word' id='word_1_62' title='bbox 1292 1299 1424 1378; x_wconf 89' lang='lat' dir='ltr'>propter</span> <span class='ocrx_word' id='word_1_63' title='bbox 1447 1315 1559 1356; x_wconf 91' lang='lat' dir='ltr'>eornm</span> <span class='ocrx_word' id='word_1_64' title='bbox 1582 1313 1734 1356; x_wconf 88' lang='lat' dir='ltr'>excessus</span> <span class='ocrx_word' id='word_1_65' title='bbox 1758 1299 1789 1356; x_wconf 91' lang='lat' dir='ltr'>et</span> <span class='ocrx_word' id='word_1_66' title='bbox 1814 1293 1926 1378; x_wconf 89' lang='lat' dir='ltr'>culpas</span> <span class='ocrx_word' id='word_1_67' title='bbox 1957 1301 2031 1356; x_wconf 87' lang='lat' dir='ltr'>ante</span> <span class='ocrx_word' id='word_1_68' title='bbox 2066 1292 2224 1356; x_wconf 91' lang='lat' dir='ltr'>dictarum</span> <span class='ocrx_word' id='word_1_69' title='bbox 2254 1293 2435 1356; x_wconf 90' lang='lat' dir='ltr'>litterarum</span> 
     </span>
     <span class='ocr_line' id='line_1_8' title="bbox 612 1398 2434 1486; baseline 0.001 -24"><span class='ocrx_word' id='word_1_70' title='bbox 612 1398 846 1462; x_wconf 89' lang='lat' dir='ltr'>confectionem</span> <span class='ocrx_word' id='word_1_71' title='bbox 870 1399 1064 1463; x_wconf 91' lang='lat' dir='ltr'>tenebantur</span> <span class='ocrx_word' id='word_1_72' title='bbox 1087 1399 1220 1481; x_wconf 83' lang='lat' dir='ltr'>astricti,</span> <span class='ocrx_word' id='word_1_73' title='bbox 1244 1400 1395 1464; x_wconf 80' lang='lat' dir='ltr'>recidisse</span> <span class='ocrx_word' id='word_1_74' title='bbox 1420 1407 1606 1482; x_wconf 88' lang='lat' dir='ltr'>noscuntur,</span> <span class='ocrx_word' id='word_1_75' title='bbox 1624 1421 1681 1464; x_wconf 93' lang='lat' dir='ltr'>nos</span> <span class='ocrx_word' id='word_1_76' title='bbox 1701 1400 1798 1463; x_wconf 89' lang='lat' dir='ltr'>etiarn</span> <span class='ocrx_word' id='word_1_77' title='bbox 1823 1400 1909 1486; x_wconf 93' lang='lat' dir='ltr'>ipsos</span> <span class='ocrx_word' id='word_1_78' title='bbox 1933 1401 1964 1463; x_wconf 92' lang='lat' dir='ltr'>in</span> <span class='ocrx_word' id='word_1_79' title='bbox 1990 1422 2089 1486; x_wconf 85' lang='lat' dir='ltr'>penas</span> <span class='ocrx_word' id='word_1_80' title='bbox 2114 1407 2145 1464; x_wconf 89' lang='lat' dir='ltr'>et</span> <span class='ocrx_word' id='word_1_81' title='bbox 2162 1401 2338 1464; x_wconf 90' lang='lat' dir='ltr'>sententias</span> <span class='ocrx_word' id='word_1_82' title='bbox 2354 1401 2434 1464; x_wconf 88' lang='lat' dir='ltr'>reei-</span> 
     </span>
     <span class='ocr_line' id='line_1_9' title="bbox 612 1505 2435 1595; baseline 0.002 -27"><span class='ocrx_word' id='word_1_83' title='bbox 612 1505 697 1570; x_wconf 89' lang='lat' dir='ltr'>disse</span> <span class='ocrx_word' id='word_1_84' title='bbox 722 1506 883 1592; x_wconf 88' lang='lat' dir='ltr'>predictas</span> <span class='ocrx_word' id='word_1_85' title='bbox 907 1528 965 1592; x_wconf 90' lang='lat' dir='ltr'>per</span> <span class='ocrx_word' id='word_1_86' title='bbox 987 1528 1156 1593; x_wconf 86' lang='lat' dir='ltr'>processus</span> <span class='ocrx_word' id='word_1_87' title='bbox 1181 1515 1317 1588; x_wconf 90' lang='lat' dir='ltr'>nostros,</span> <span class='ocrx_word' id='word_1_88' title='bbox 1335 1529 1431 1593; x_wconf 90' lang='lat' dir='ltr'>snper</span> <span class='ocrx_word' id='word_1_89' title='bbox 1452 1507 1511 1572; x_wconf 91' lang='lat' dir='ltr'>hoc</span> <span class='ocrx_word' id='word_1_90' title='bbox 1535 1507 1719 1595; x_wconf 75' lang='lat' dir='ltr'>specialiter</span> <span class='ocrx_word' id='word_1_91' title='bbox 1734 1507 1873 1589; x_wconf 88' lang='lat' dir='ltr'>habitos,</span> <span class='ocrx_word' id='word_1_92' title='bbox 1891 1529 1949 1594; x_wconf 88' lang='lat' dir='ltr'>per</span> <span class='ocrx_word' id='word_1_93' title='bbox 1964 1508 2109 1572; x_wconf 80' lang='lat' dir='ltr'>diversas</span> <span class='ocrx_word' id='word_1_94' title='bbox 2126 1507 2236 1572; x_wconf 89' lang='lat' dir='ltr'>mundi</span> <span class='ocrx_word' id='word_1_95' title='bbox 2252 1509 2435 1594; x_wconf 84' lang='lat' dir='ltr'>provincias</span> 
     </span>
     <span class='ocr_line' id='line_1_10' title="bbox 614 1613 2435 1701; baseline 0.002 -25"><span class='ocrx_word' id='word_1_96' title='bbox 614 1613 748 1677; x_wconf 91' lang='lat' dir='ltr'>fecimus</span> <span class='ocrx_word' id='word_1_97' title='bbox 783 1614 952 1700; x_wconf 89' lang='lat' dir='ltr'>publicari.</span> <span class='ocrx_word' id='word_1_98' title='bbox 977 1614 1117 1679; x_wconf 89' lang='lat' dir='ltr'>Domum</span> <span class='ocrx_word' id='word_1_99' title='bbox 1141 1637 1217 1678; x_wconf 80' lang='lat' dir='ltr'>sero</span> <span class='ocrx_word' id='word_1_100' title='bbox 1249 1614 1470 1696; x_wconf 78' lang='lat' dir='ltr'>Universitas,</span> <span class='ocrx_word' id='word_1_101' title='bbox 1495 1617 1633 1700; x_wconf 93' lang='lat' dir='ltr'>populus</span> <span class='ocrx_word' id='word_1_102' title='bbox 1658 1623 1689 1678; x_wconf 91' lang='lat' dir='ltr'>et</span> <span class='ocrx_word' id='word_1_103' title='bbox 1713 1614 1890 1680; x_wconf 80' lang='lat' dir='ltr'>Commune</span> <span class='ocrx_word' id='word_1_104' title='bbox 1918 1615 2034 1700; x_wconf 88' lang='lat' dir='ltr'>prefati</span> <span class='ocrx_word' id='word_1_105' title='bbox 2066 1615 2214 1678; x_wconf 89' lang='lat' dir='ltr'>cumdem</span> <span class='ocrx_word' id='word_1_106' title='bbox 2244 1615 2435 1701; x_wconf 88' lang='lat' dir='ltr'>magistrum</span> 
     </span>
     <span class='ocr_line' id='line_1_11' title="bbox 615 1721 2434 1809; baseline 0.002 -25"><span class='ocrx_word' id='word_1_107' title='bbox 615 1721 749 1786; x_wconf 90' lang='lat' dir='ltr'>Petrum</span> <span class='ocrx_word' id='word_1_108' title='bbox 772 1723 811 1785; x_wconf 88' lang='lat' dir='ltr'>de</span> <span class='ocrx_word' id='word_1_109' title='bbox 835 1722 1032 1807; x_wconf 90' lang='lat' dir='ltr'>Bompetris,</span> <span class='ocrx_word' id='word_1_110' title='bbox 1059 1743 1116 1786; x_wconf 89' lang='lat' dir='ltr'>nec</span> <span class='ocrx_word' id='word_1_111' title='bbox 1141 1744 1203 1785; x_wconf 93' lang='lat' dir='ltr'>non</span> <span class='ocrx_word' id='word_1_112' title='bbox 1228 1723 1418 1807; x_wconf 89' lang='lat' dir='ltr'>magistrum</span> <span class='ocrx_word' id='word_1_113' title='bbox 1442 1722 1706 1786; x_wconf 84' lang='lat' dir='ltr'>Bonaventuram</span> <span class='ocrx_word' id='word_1_114' title='bbox 1730 1723 1897 1805; x_wconf 87' lang='lat' dir='ltr'>Jacobini,</span> <span class='ocrx_word' id='word_1_115' title='bbox 1922 1723 2024 1786; x_wconf 84' lang='lat' dir='ltr'>civem</span> <span class='ocrx_word' id='word_1_116' title='bbox 2048 1723 2295 1806; x_wconf 80' lang='lat' dir='ltr'>bononiensem,</span> <span class='ocrx_word' id='word_1_117' title='bbox 2320 1745 2434 1809; x_wconf 85' lang='lat' dir='ltr'>procu·</span> 
     </span>
     <span class='ocr_line' id='line_1_12' title="bbox 614 1829 2436 1917; baseline 0.003 -26"><span class='ocrx_word' id='word_1_118' title='bbox 614 1837 737 1893; x_wconf 89' lang='lat' dir='ltr'>ratores</span> <span class='ocrx_word' id='word_1_119' title='bbox 761 1837 793 1892; x_wconf 88' lang='lat' dir='ltr'>et</span> <span class='ocrx_word' id='word_1_120' title='bbox 816 1829 955 1893; x_wconf 92' lang='lat' dir='ltr'>sindicos</span> <span class='ocrx_word' id='word_1_121' title='bbox 980 1830 1183 1912; x_wconf 90' lang='lat' dir='ltr'>eorumdem,</span> <span class='ocrx_word' id='word_1_122' title='bbox 1208 1830 1249 1893; x_wconf 90' lang='lat' dir='ltr'>ad</span> <span class='ocrx_word' id='word_1_123' title='bbox 1281 1837 1424 1894; x_wconf 89' lang='lat' dir='ltr'>nostram</span> <span class='ocrx_word' id='word_1_124' title='bbox 1456 1831 1652 1915; x_wconf 88' lang='lat' dir='ltr'>presentiam</span> <span class='ocrx_word' id='word_1_125' title='bbox 1679 1831 1899 1913; x_wconf 90' lang='lat' dir='ltr'>destinarunt,</span> <span class='ocrx_word' id='word_1_126' title='bbox 1924 1831 2016 1895; x_wconf 91' lang='lat' dir='ltr'>nobis</span> <span class='ocrx_word' id='word_1_127' title='bbox 2040 1851 2176 1916; x_wconf 82' lang='lat' dir='ltr'>percos</span> <span class='ocrx_word' id='word_1_128' title='bbox 2208 1852 2266 1894; x_wconf 89' lang='lat' dir='ltr'>nec</span> <span class='ocrx_word' id='word_1_129' title='bbox 2291 1852 2353 1896; x_wconf 94' lang='lat' dir='ltr'>non</span> <span class='ocrx_word' id='word_1_130' title='bbox 2377 1854 2436 1917; x_wconf 86' lang='lat' dir='ltr'>per</span> 
     </span>
     <span class='ocr_line' id='line_1_13' title="bbox 615 1937 2435 2023; baseline 0.002 -25"><span class='ocrx_word' id='word_1_131' title='bbox 615 1937 806 2000; x_wconf 90' lang='lat' dir='ltr'>sindicatum</span> <span class='ocrx_word' id='word_1_132' title='bbox 823 1945 855 2000; x_wconf 90' lang='lat' dir='ltr'>et</span> <span class='ocrx_word' id='word_1_133' title='bbox 871 1937 1127 2022; x_wconf 84' lang='lat' dir='ltr'>procuratorium</span> <span class='ocrx_word' id='word_1_134' title='bbox 1144 1937 1340 2018; x_wconf 91' lang='lat' dir='ltr'>eorumdem,</span> <span class='ocrx_word' id='word_1_135' title='bbox 1355 1937 1441 2023; x_wconf 92' lang='lat' dir='ltr'>qnod</span> <span class='ocrx_word' id='word_1_136' title='bbox 1457 1939 1489 2001; x_wconf 93' lang='lat' dir='ltr'>in</span> <span class='ocrx_word' id='word_1_137' title='bbox 1507 1938 1650 2002; x_wconf 83' lang='lat' dir='ltr'>archivio</span> <span class='ocrx_word' id='word_1_138' title='bbox 1667 1959 1799 2002; x_wconf 86' lang='lat' dir='ltr'>romane</span> <span class='ocrx_word' id='word_1_139' title='bbox 1812 1937 1956 2002; x_wconf 78' lang='lat' dir='ltr'>Ecclesia</span> <span class='ocrx_word' id='word_1_140' title='bbox 1973 1937 2109 2001; x_wconf 90' lang='lat' dir='ltr'>facimus</span> <span class='ocrx_word' id='word_1_141' title='bbox 2122 1939 2317 2019; x_wconf 82' lang='lat' dir='ltr'>conservari,</span> <span class='ocrx_word' id='word_1_142' title='bbox 2332 1939 2435 2002; x_wconf 92' lang='lat' dir='ltr'>humi·</span> 
     </span>
     <span class='ocr_line' id='line_1_14' title="bbox 613 2044 2435 2131; baseline 0.001 -24"><span class='ocrx_word' id='word_1_143' title='bbox 613 2045 687 2108; x_wconf 90' lang='lat' dir='ltr'>liter</span> <span class='ocrx_word' id='word_1_144' title='bbox 711 2045 939 2130; x_wconf 88' lang='lat' dir='ltr'>supplicantes,</span> <span class='ocrx_word' id='word_1_145' title='bbox 964 2053 999 2108; x_wconf 90' lang='lat' dir='ltr'>ut</span> <span class='ocrx_word' id='word_1_146' title='bbox 1023 2066 1094 2109; x_wconf 92' lang='lat' dir='ltr'>curn</span> <span class='ocrx_word' id='word_1_147' title='bbox 1120 2045 1332 2108; x_wconf 74' lang='lat' dir='ltr'>Universitati</span> <span class='ocrx_word' id='word_1_148' title='bbox 1356 2045 1498 2130; x_wconf 89' lang='lat' dir='ltr'>predicte</span> <span class='ocrx_word' id='word_1_149' title='bbox 1523 2067 1578 2109; x_wconf 88' lang='lat' dir='ltr'>scu</span> <span class='ocrx_word' id='word_1_150' title='bbox 1604 2045 1706 2131; x_wconf 89' lang='lat' dir='ltr'>ipsam</span> <span class='ocrx_word' id='word_1_151' title='bbox 1730 2046 1917 2130; x_wconf 87' lang='lat' dir='ltr'>regentibus</span> <span class='ocrx_word' id='word_1_152' title='bbox 1945 2046 1977 2108; x_wconf 95' lang='lat' dir='ltr'>in</span> <span class='ocrx_word' id='word_1_153' title='bbox 2001 2045 2122 2108; x_wconf 87' lang='lat' dir='ltr'>eisdem</span> <span class='ocrx_word' id='word_1_154' title='bbox 2150 2044 2265 2109; x_wconf 90' lang='lat' dir='ltr'>litteris</span> <span class='ocrx_word' id='word_1_155' title='bbox 2297 2045 2435 2131; x_wconf 91' lang='lat' dir='ltr'>quedam</span> 
     </span>
     <span class='ocr_line' id='line_1_15' title="bbox 614 2153 2435 2238; baseline 0.002 -24"><span class='ocrx_word' id='word_1_156' title='bbox 614 2153 752 2216; x_wconf 90' lang='lat' dir='ltr'>existere</span> <span class='ocrx_word' id='word_1_157' title='bbox 777 2153 889 2234; x_wconf 91' lang='lat' dir='ltr'>dubia,</span> <span class='ocrx_word' id='word_1_158' title='bbox 914 2153 1052 2238; x_wconf 90' lang='lat' dir='ltr'>quedam</span> <span class='ocrx_word' id='word_1_159' title='bbox 1076 2174 1152 2216; x_wconf 81' lang='lat' dir='ltr'>vero</span> <span class='ocrx_word' id='word_1_160' title='bbox 1177 2153 1333 2216; x_wconf 91' lang='lat' dir='ltr'>contineri</span> <span class='ocrx_word' id='word_1_161' title='bbox 1358 2153 1627 2236; x_wconf 84' lang='lat' dir='ltr'>inobservabilis,</span> <span class='ocrx_word' id='word_1_162' title='bbox 1651 2163 1683 2216; x_wconf 93' lang='lat' dir='ltr'>ct</span> <span class='ocrx_word' id='word_1_163' title='bbox 1707 2153 1845 2238; x_wconf 92' lang='lat' dir='ltr'>quedam</span> <span class='ocrx_word' id='word_1_164' title='bbox 1870 2153 1967 2216; x_wconf 88' lang='lat' dir='ltr'>fuisse</span> <span class='ocrx_word' id='word_1_165' title='bbox 1999 2153 2116 2216; x_wconf 91' lang='lat' dir='ltr'>omissa</span> <span class='ocrx_word' id='word_1_166' title='bbox 2141 2154 2238 2216; x_wconf 89' lang='lat' dir='ltr'>etiarn</span> <span class='ocrx_word' id='word_1_167' title='bbox 2261 2154 2435 2236; x_wconf 74' lang='lat' dir='ltr'>rideretur,</span> 
     </span>
     <span class='ocr_line' id='line_1_16' title="bbox 615 2260 2436 2348; baseline 0.002 -26"><span class='ocrx_word' id='word_1_168' title='bbox 615 2260 797 2344; x_wconf 85' lang='lat' dir='ltr'>huiusmodi</span> <span class='ocrx_word' id='word_1_169' title='bbox 821 2261 920 2324; x_wconf 90' lang='lat' dir='ltr'>dubia</span> <span class='ocrx_word' id='word_1_170' title='bbox 943 2260 1119 2342; x_wconf 90' lang='lat' dir='ltr'>declarare,</span> <span class='ocrx_word' id='word_1_171' title='bbox 1145 2261 1273 2345; x_wconf 90' lang='lat' dir='ltr'>aliaque</span> <span class='ocrx_word' id='word_1_172' title='bbox 1298 2261 1468 2343; x_wconf 90' lang='lat' dir='ltr'>moderari,</span> <span class='ocrx_word' id='word_1_173' title='bbox 1493 2269 1525 2325; x_wconf 90' lang='lat' dir='ltr'>et</span> <span class='ocrx_word' id='word_1_174' title='bbox 1549 2262 1693 2348; x_wconf 91' lang='lat' dir='ltr'>predicta</span> <span class='ocrx_word' id='word_1_175' title='bbox 1716 2262 1834 2324; x_wconf 88' lang='lat' dir='ltr'>omissa</span> <span class='ocrx_word' id='word_1_176' title='bbox 1857 2261 2019 2346; x_wconf 89' lang='lat' dir='ltr'>supplere,</span> <span class='ocrx_word' id='word_1_177' title='bbox 2041 2283 2159 2346; x_wconf 88' lang='lat' dir='ltr'>cosque</span> <span class='ocrx_word' id='word_1_178' title='bbox 2184 2261 2224 2323; x_wconf 88' lang='lat' dir='ltr'>ad</span> <span class='ocrx_word' id='word_1_179' title='bbox 2249 2261 2436 2325; x_wconf 89' lang='lat' dir='ltr'>reconcilia·</span> 
     </span>
     <span class='ocr_line' id='line_1_17' title="bbox 614 2367 2435 2454; baseline 0.002 -26"><span class='ocrx_word' id='word_1_180' title='bbox 614 2367 710 2430; x_wconf 89' lang='lat' dir='ltr'>tionis</span> <span class='ocrx_word' id='word_1_181' title='bbox 741 2367 880 2451; x_wconf 86' lang='lat' dir='ltr'>gratiam</span> <span class='ocrx_word' id='word_1_182' title='bbox 911 2368 1050 2451; x_wconf 90' lang='lat' dir='ltr'>benigne</span> <span class='ocrx_word' id='word_1_183' title='bbox 1081 2369 1225 2453; x_wconf 89' lang='lat' dir='ltr'>recipcre</span> <span class='ocrx_word' id='word_1_184' title='bbox 1257 2368 1476 2452; x_wconf 87' lang='lat' dir='ltr'>dignaremur.</span> <span class='ocrx_word' id='word_1_185' title='bbox 1507 2369 1637 2454; x_wconf 80' lang='lat' dir='ltr'>Nosque</span> <span class='ocrx_word' id='word_1_186' title='bbox 1663 2369 1693 2430; x_wconf 94' lang='lat' dir='ltr'>in</span> <span class='ocrx_word' id='word_1_187' title='bbox 1718 2368 1866 2431; x_wconf 90' lang='lat' dir='ltr'>omnibus</span> <span class='ocrx_word' id='word_1_188' title='bbox 1890 2375 2046 2452; x_wconf 88' lang='lat' dir='ltr'>quantum</span> <span class='ocrx_word' id='word_1_189' title='bbox 2070 2389 2142 2431; x_wconf 92' lang='lat' dir='ltr'>cum</span> <span class='ocrx_word' id='word_1_190' title='bbox 2168 2368 2236 2431; x_wconf 91' lang='lat' dir='ltr'>Deo</span> <span class='ocrx_word' id='word_1_191' title='bbox 2264 2389 2435 2454; x_wconf 89' lang='lat' dir='ltr'>possumus</span> 
     </span>
     <span class='ocr_line' id='line_1_18' title="bbox 614 2474 2436 2561; baseline 0.001 -25"><span class='ocrx_word' id='word_1_192' title='bbox 614 2474 867 2538; x_wconf 83' lang='lat' dir='ltr'>nriscrieordiam</span> <span class='ocrx_word' id='word_1_193' title='bbox 890 2476 1133 2560; x_wconf 81' lang='lat' dir='ltr'>amplectentes,</span> <span class='ocrx_word' id='word_1_194' title='bbox 1150 2497 1262 2538; x_wconf 90' lang='lat' dir='ltr'>eornm</span> <span class='ocrx_word' id='word_1_195' title='bbox 1286 2475 1574 2561; x_wconf 85' lang='lat' dir='ltr'>supplicationibus</span> <span class='ocrx_word' id='word_1_196' title='bbox 1599 2476 1754 2558; x_wconf 91' lang='lat' dir='ltr'>inclinati,</span> <span class='ocrx_word' id='word_1_197' title='bbox 1780 2475 1951 2539; x_wconf 92' lang='lat' dir='ltr'>nonnullas</span> <span class='ocrx_word' id='word_1_198' title='bbox 1976 2475 2210 2539; x_wconf 88' lang='lat' dir='ltr'>declarationes</span> <span class='ocrx_word' id='word_1_199' title='bbox 2234 2483 2265 2538; x_wconf 89' lang='lat' dir='ltr'>et</span> <span class='ocrx_word' id='word_1_200' title='bbox 2289 2476 2436 2539; x_wconf 91' lang='lat' dir='ltr'>modera-</span> 
     </span>
     <span class='ocr_line' id='line_1_19' title="bbox 613 2583 2438 2669; baseline 0.001 -25"><span class='ocrx_word' id='word_1_201' title='bbox 613 2583 717 2644; x_wconf 86' lang='lat' dir='ltr'>tiones</span> <span class='ocrx_word' id='word_1_202' title='bbox 741 2583 826 2646; x_wconf 90' lang='lat' dir='ltr'>circa</span> <span class='ocrx_word' id='word_1_203' title='bbox 850 2583 1018 2668; x_wconf 91' lang='lat' dir='ltr'>premissa,</span> <span class='ocrx_word' id='word_1_204' title='bbox 1042 2591 1074 2646; x_wconf 88' lang='lat' dir='ltr'>et</span> <span class='ocrx_word' id='word_1_205' title='bbox 1098 2583 1255 2668; x_wconf 88' lang='lat' dir='ltr'>quasdam</span> <span class='ocrx_word' id='word_1_206' title='bbox 1278 2585 1497 2668; x_wconf 91' lang='lat' dir='ltr'>suppletiones</span> <span class='ocrx_word' id='word_1_207' title='bbox 1523 2591 1690 2646; x_wconf 88' lang='lat' dir='ltr'>contentas</span> <span class='ocrx_word' id='word_1_208' title='bbox 1714 2584 1745 2646; x_wconf 94' lang='lat' dir='ltr'>in</span> <span class='ocrx_word' id='word_1_209' title='bbox 1771 2583 1962 2668; x_wconf 88' lang='lat' dir='ltr'>quibusdam</span> <span class='ocrx_word' id='word_1_210' title='bbox 1987 2583 2103 2647; x_wconf 90' lang='lat' dir='ltr'>litteris</span> <span class='ocrx_word' id='word_1_211' title='bbox 2121 2583 2237 2646; x_wconf 90' lang='lat' dir='ltr'>nostris</span> <span class='ocrx_word' id='word_1_212' title='bbox 2254 2583 2438 2669; x_wconf 89' lang='lat' dir='ltr'>specialiter</span> 
     </span>
     <span class='ocr_line' id='line_1_20' title="bbox 613 2689 2437 2776; baseline 0.003 -26"><span class='ocrx_word' id='word_1_213' title='bbox 613 2711 710 2774; x_wconf 92' lang='lat' dir='ltr'>snper</span> <span class='ocrx_word' id='word_1_214' title='bbox 735 2690 797 2773; x_wconf 86' lang='lat' dir='ltr'>hijs</span> <span class='ocrx_word' id='word_1_215' title='bbox 822 2689 986 2771; x_wconf 88' lang='lat' dir='ltr'>confectis,</span> <span class='ocrx_word' id='word_1_216' title='bbox 1004 2711 1084 2776; x_wconf 91' lang='lat' dir='ltr'>quas</span> <span class='ocrx_word' id='word_1_217' title='bbox 1102 2691 1160 2754; x_wconf 94' lang='lat' dir='ltr'>tibi</span> <span class='ocrx_word' id='word_1_218' title='bbox 1177 2691 1266 2754; x_wconf 82' lang='lat' dir='ltr'>bulla</span> <span class='ocrx_word' id='word_1_219' title='bbox 1290 2700 1400 2754; x_wconf 89' lang='lat' dir='ltr'>nostra</span> <span class='ocrx_word' id='word_1_220' title='bbox 1421 2692 1560 2754; x_wconf 90' lang='lat' dir='ltr'>bullatas</span> <span class='ocrx_word' id='word_1_221' title='bbox 1578 2691 1825 2776; x_wconf 84' lang='lat' dir='ltr'>assignavimus,</span> <span class='ocrx_word' id='word_1_222' title='bbox 1842 2690 1992 2754; x_wconf 88' lang='lat' dir='ltr'>duximus</span> <span class='ocrx_word' id='word_1_223' title='bbox 2009 2690 2183 2754; x_wconf 87' lang='lat' dir='ltr'>faciendas.</span> <span class='ocrx_word' id='word_1_224' title='bbox 2202 2690 2251 2754; x_wconf 91' lang='lat' dir='ltr'>Dc</span> <span class='ocrx_word' id='word_1_225' title='bbox 2267 2698 2321 2754; x_wconf 91' lang='lat' dir='ltr'>tue</span> <span class='ocrx_word' id='word_1_226' title='bbox 2338 2692 2437 2776; x_wconf 89' lang='lat' dir='ltr'>igitur</span> 
     </span>
     <span class='ocr_line' id='line_1_21' title="bbox 615 2797 2439 2884; baseline 0.001 -24"><span class='ocrx_word' id='word_1_227' title='bbox 615 2797 911 2882; x_wconf 88' lang='lat' dir='ltr'>circumspectionis</span> <span class='ocrx_word' id='word_1_228' title='bbox 932 2797 1090 2860; x_wconf 91' lang='lat' dir='ltr'>industria</span> <span class='ocrx_word' id='word_1_229' title='bbox 1106 2798 1139 2861; x_wconf 94' lang='lat' dir='ltr'>in</span> <span class='ocrx_word' id='word_1_230' title='bbox 1156 2800 1282 2882; x_wconf 88' lang='lat' dir='ltr'>magnis</span> <span class='ocrx_word' id='word_1_231' title='bbox 1300 2805 1331 2861; x_wconf 92' lang='lat' dir='ltr'>et</span> <span class='ocrx_word' id='word_1_232' title='bbox 1348 2798 1456 2861; x_wconf 89' lang='lat' dir='ltr'>arduis</span> <span class='ocrx_word' id='word_1_233' title='bbox 1474 2805 1609 2883; x_wconf 86' lang='lat' dir='ltr'>experta</span> <span class='ocrx_word' id='word_1_234' title='bbox 1626 2799 1776 2882; x_wconf 90' lang='lat' dir='ltr'>negotijs,</span> <span class='ocrx_word' id='word_1_235' title='bbox 1794 2807 1824 2861; x_wconf 93' lang='lat' dir='ltr'>ct</span> <span class='ocrx_word' id='word_1_236' title='bbox 1840 2797 2048 2861; x_wconf 87' lang='lat' dir='ltr'>laudabiliter</span> <span class='ocrx_word' id='word_1_237' title='bbox 2064 2797 2282 2884; x_wconf 87' lang='lat' dir='ltr'>comprobata,</span> <span class='ocrx_word' id='word_1_238' title='bbox 2299 2798 2439 2882; x_wconf 88' lang='lat' dir='ltr'>fideique</span> 
     </span>
     <span class='ocr_line' id='line_1_22' title="bbox 614 2904 2437 2990; baseline 0.001 -23"><span class='ocrx_word' id='word_1_239' title='bbox 614 2905 796 2968; x_wconf 88' lang='lat' dir='ltr'>constantia</span> <span class='ocrx_word' id='word_1_240' title='bbox 821 2905 950 2989; x_wconf 88' lang='lat' dir='ltr'>plenam</span> <span class='ocrx_word' id='word_1_241' title='bbox 975 2905 1005 2968; x_wconf 96' lang='lat' dir='ltr'>in</span> <span class='ocrx_word' id='word_1_242' title='bbox 1030 2904 1169 2969; x_wconf 91' lang='lat' dir='ltr'>Domino</span> <span class='ocrx_word' id='word_1_243' title='bbox 1193 2907 1343 2969; x_wconf 88' lang='lat' dir='ltr'>fiduciam</span> <span class='ocrx_word' id='word_1_244' title='bbox 1368 2906 1559 2988; x_wconf 73' lang='lat' dir='ltr'>obtinenteS,</span> <span class='ocrx_word' id='word_1_245' title='bbox 1583 2905 1778 2968; x_wconf 85' lang='lat' dir='ltr'>fraternitati</span> <span class='ocrx_word' id='word_1_246' title='bbox 1803 2913 1856 2968; x_wconf 94' lang='lat' dir='ltr'>tue</span> <span class='ocrx_word' id='word_1_247' title='bbox 1874 2927 1930 2990; x_wconf 91' lang='lat' dir='ltr'>per</span> <span class='ocrx_word' id='word_1_248' title='bbox 1947 2905 2124 2990; x_wconf 88' lang='lat' dir='ltr'>apostolica</span> <span class='ocrx_word' id='word_1_249' title='bbox 2149 2905 2268 2990; x_wconf 88' lang='lat' dir='ltr'>scripta</span> <span class='ocrx_word' id='word_1_250' title='bbox 2293 2906 2437 2968; x_wconf 89' lang='lat' dir='ltr'>commit-</span> 
     </span>
     <span class='ocr_line' id='line_1_23' title="bbox 614 3012 2438 3100; baseline 0.001 -26"><span class='ocrx_word' id='word_1_251' title='bbox 614 3013 710 3075; x_wconf 89' lang='lat' dir='ltr'>timus</span> <span class='ocrx_word' id='word_1_252' title='bbox 735 3023 765 3074; x_wconf 92' lang='lat' dir='ltr'>et</span> <span class='ocrx_word' id='word_1_253' title='bbox 791 3012 992 3093; x_wconf 89' lang='lat' dir='ltr'>mandamus,</span> <span class='ocrx_word' id='word_1_254' title='bbox 1018 3021 1187 3097; x_wconf 88' lang='lat' dir='ltr'>quatenus,</span> <span class='ocrx_word' id='word_1_255' title='bbox 1204 3015 1356 3100; x_wconf 87' lang='lat' dir='ltr'>predictis</span> <span class='ocrx_word' id='word_1_256' title='bbox 1374 3013 1488 3076; x_wconf 86' lang='lat' dir='ltr'>litteris</span> <span class='ocrx_word' id='word_1_257' title='bbox 1514 3014 1631 3077; x_wconf 88' lang='lat' dir='ltr'>nostris</span> <span class='ocrx_word' id='word_1_258' title='bbox 1655 3013 1827 3097; x_wconf 84' lang='lat' dir='ltr'>diligenter</span> <span class='ocrx_word' id='word_1_259' title='bbox 1843 3013 2004 3097; x_wconf 90' lang='lat' dir='ltr'>inspectis,</span> <span class='ocrx_word' id='word_1_260' title='bbox 2023 3021 2117 3098; x_wconf 90' lang='lat' dir='ltr'>teque</span> <span class='ocrx_word' id='word_1_261' title='bbox 2136 3013 2176 3075; x_wconf 94' lang='lat' dir='ltr'>ad</span> <span class='ocrx_word' id='word_1_262' title='bbox 2193 3013 2367 3094; x_wconf 76' lang='lat' dir='ltr'>civitatem,</span> <span class='ocrx_word' id='word_1_263' title='bbox 2386 3034 2438 3075; x_wconf 94' lang='lat' dir='ltr'>co·</span> 
     </span>
     <span class='ocr_line' id='line_1_24' title="bbox 615 3119 2436 3206; baseline 0.002 -25"><span class='ocrx_word' id='word_1_264' title='bbox 615 3119 761 3182; x_wconf 89' lang='lat' dir='ltr'>mitatum</span> <span class='ocrx_word' id='word_1_265' title='bbox 788 3127 819 3182; x_wconf 88' lang='lat' dir='ltr'>ct</span> <span class='ocrx_word' id='word_1_266' title='bbox 843 3119 1022 3182; x_wconf 89' lang='lat' dir='ltr'>districtum</span> <span class='ocrx_word' id='word_1_267' title='bbox 1046 3121 1260 3184; x_wconf 87' lang='lat' dir='ltr'>bononienses</span> <span class='ocrx_word' id='word_1_268' title='bbox 1283 3121 1496 3206; x_wconf 86' lang='lat' dir='ltr'>personaliter</span> <span class='ocrx_word' id='word_1_269' title='bbox 1517 3120 1696 3201; x_wconf 86' lang='lat' dir='ltr'>conferens,</span> <span class='ocrx_word' id='word_1_270' title='bbox 1713 3120 1870 3205; x_wconf 87' lang='lat' dir='ltr'>dictisque</span> <span class='ocrx_word' id='word_1_271' title='bbox 1894 3119 2117 3200; x_wconf 78' lang='lat' dir='ltr'>Universitati,</span> <span class='ocrx_word' id='word_1_272' title='bbox 2135 3119 2304 3184; x_wconf 90' lang='lat' dir='ltr'>Communi</span> <span class='ocrx_word' id='word_1_273' title='bbox 2324 3127 2355 3182; x_wconf 89' lang='lat' dir='ltr'>ct</span> <span class='ocrx_word' id='word_1_274' title='bbox 2379 3141 2436 3205; x_wconf 92' lang='lat' dir='ltr'>po·</span> 
     </span>
     <span class='ocr_line' id='line_1_25' title="bbox 614 3227 2438 3314; baseline 0 -24"><span class='ocrx_word' id='word_1_275' title='bbox 614 3228 691 3312; x_wconf 90' lang='lat' dir='ltr'>pulo</span> <span class='ocrx_word' id='word_1_276' title='bbox 716 3227 855 3290; x_wconf 80' lang='lat' dir='ltr'>civitatis</span> <span class='ocrx_word' id='word_1_277' title='bbox 880 3228 1033 3310; x_wconf 88' lang='lat' dir='ltr'>eiusdem,</span> <span class='ocrx_word' id='word_1_278' title='bbox 1051 3227 1185 3314; x_wconf 87' lang='lat' dir='ltr'>prefatis</span> <span class='ocrx_word' id='word_1_279' title='bbox 1209 3229 1324 3292; x_wconf 89' lang='lat' dir='ltr'>litteris</span> <span class='ocrx_word' id='word_1_280' title='bbox 1348 3229 1521 3314; x_wconf 91' lang='lat' dir='ltr'>publicatis</span> <span class='ocrx_word' id='word_1_281' title='bbox 1545 3228 1731 3292; x_wconf 88' lang='lat' dir='ltr'>solemniter</span> <span class='ocrx_word' id='word_1_282' title='bbox 1747 3236 1779 3291; x_wconf 89' lang='lat' dir='ltr'>st</span> <span class='ocrx_word' id='word_1_283' title='bbox 1803 3228 1957 3313; x_wconf 89' lang='lat' dir='ltr'>expositis</span> <span class='ocrx_word' id='word_1_284' title='bbox 1982 3228 2164 3310; x_wconf 89' lang='lat' dir='ltr'>diligenter,</span> <span class='ocrx_word' id='word_1_285' title='bbox 2183 3227 2331 3312; x_wconf 88' lang='lat' dir='ltr'>factaque</span> <span class='ocrx_word' id='word_1_286' title='bbox 2348 3227 2438 3312; x_wconf 90' lang='lat' dir='ltr'>prius</span> 
     </span>
     <span class='ocr_line' id='line_1_26' title="bbox 615 3334 2439 3421; baseline 0.001 -24"><span class='ocrx_word' id='word_1_287' title='bbox 615 3357 672 3420; x_wconf 88' lang='lat' dir='ltr'>per</span> <span class='ocrx_word' id='word_1_288' title='bbox 696 3356 750 3398; x_wconf 89' lang='lat' dir='ltr'>eos</span> <span class='ocrx_word' id='word_1_289' title='bbox 775 3335 956 3416; x_wconf 89' lang='lat' dir='ltr'>actualiter,</span> <span class='ocrx_word' id='word_1_290' title='bbox 983 3337 1167 3400; x_wconf 79' lang='lat' dir='ltr'>realiteret</span> <span class='ocrx_word' id='word_1_291' title='bbox 1192 3337 1401 3421; x_wconf 88' lang='lat' dir='ltr'>corporaliter</span> <span class='ocrx_word' id='word_1_292' title='bbox 1426 3336 1626 3400; x_wconf 83' lang='lat' dir='ltr'>restitutione</span> <span class='ocrx_word' id='word_1_293' title='bbox 1651 3343 1682 3398; x_wconf 90' lang='lat' dir='ltr'>et</span> <span class='ocrx_word' id='word_1_294' title='bbox 1706 3336 1925 3419; x_wconf 90' lang='lat' dir='ltr'>assignatione</span> <span class='ocrx_word' id='word_1_295' title='bbox 1950 3334 2126 3420; x_wconf 86' lang='lat' dir='ltr'>corporalis</span> <span class='ocrx_word' id='word_1_296' title='bbox 2150 3336 2380 3420; x_wconf 86' lang='lat' dir='ltr'>possessionis,</span> <span class='ocrx_word' id='word_1_297' title='bbox 2406 3343 2439 3398; x_wconf 91' lang='lat' dir='ltr'>ct</span> 
     </span>
     <span class='ocr_line' id='line_1_27' title="bbox 616 3441 2440 3528; baseline 0 -22"><span class='ocrx_word' id='word_1_298' title='bbox 616 3443 718 3528; x_wconf 87' lang='lat' dir='ltr'>quasi,</span> <span class='ocrx_word' id='word_1_299' title='bbox 745 3443 894 3525; x_wconf 76' lang='lat' dir='ltr'>civitatis,</span> <span class='ocrx_word' id='word_1_300' title='bbox 920 3444 1090 3507; x_wconf 90' lang='lat' dir='ltr'>comitatus</span> <span class='ocrx_word' id='word_1_301' title='bbox 1115 3454 1146 3506; x_wconf 89' lang='lat' dir='ltr'>et</span> <span class='ocrx_word' id='word_1_302' title='bbox 1170 3443 1333 3506; x_wconf 89' lang='lat' dir='ltr'>districtus</span> <span class='ocrx_word' id='word_1_303' title='bbox 1357 3443 1574 3528; x_wconf 86' lang='lat' dir='ltr'>predictorum</span> <span class='ocrx_word' id='word_1_304' title='bbox 1597 3464 1633 3506; x_wconf 90' lang='lat' dir='ltr'>ac</span> <span class='ocrx_word' id='word_1_305' title='bbox 1658 3443 1738 3506; x_wconf 92' lang='lat' dir='ltr'>meri</span> <span class='ocrx_word' id='word_1_306' title='bbox 1762 3450 1794 3506; x_wconf 92' lang='lat' dir='ltr'>ct</span> <span class='ocrx_word' id='word_1_307' title='bbox 1817 3443 1910 3506; x_wconf 92' lang='lat' dir='ltr'>mixti</span> <span class='ocrx_word' id='word_1_308' title='bbox 1934 3443 2060 3527; x_wconf 88' lang='lat' dir='ltr'>imperij</span> <span class='ocrx_word' id='word_1_309' title='bbox 2084 3449 2117 3505; x_wconf 88' lang='lat' dir='ltr'>ct</span> <span class='ocrx_word' id='word_1_310' title='bbox 2141 3441 2321 3505; x_wconf 90' lang='lat' dir='ltr'>omnimode</span> <span class='ocrx_word' id='word_1_311' title='bbox 2344 3443 2440 3506; x_wconf 92' lang='lat' dir='ltr'>iuris-</span> 
     </span>
     <span class='ocr_line' id='line_1_28' title="bbox 615 3550 2438 3636; baseline -0.001 -23"><span class='ocrx_word' id='word_1_312' title='bbox 615 3550 763 3613; x_wconf 91' lang='lat' dir='ltr'>dictionis</span> <span class='ocrx_word' id='word_1_313' title='bbox 788 3557 1032 3636; x_wconf 91' lang='lat' dir='ltr'>ceterorumqne</span> <span class='ocrx_word' id='word_1_314' title='bbox 1064 3550 1179 3612; x_wconf 91' lang='lat' dir='ltr'>inrium</span> <span class='ocrx_word' id='word_1_315' title='bbox 1212 3550 1396 3613; x_wconf 86' lang='lat' dir='ltr'>corumdem</span> <span class='ocrx_word' id='word_1_316' title='bbox 1429 3551 1586 3632; x_wconf 82' lang='lat' dir='ltr'>civitatis,</span> <span class='ocrx_word' id='word_1_317' title='bbox 1611 3551 1782 3614; x_wconf 88' lang='lat' dir='ltr'>comitatus</span> <span class='ocrx_word' id='word_1_318' title='bbox 1806 3557 1837 3612; x_wconf 93' lang='lat' dir='ltr'>ct</span> <span class='ocrx_word' id='word_1_319' title='bbox 1861 3550 2024 3612; x_wconf 89' lang='lat' dir='ltr'>districtus</span> <span class='ocrx_word' id='word_1_320' title='bbox 2058 3550 2098 3612; x_wconf 91' lang='lat' dir='ltr'>ad</span> <span class='ocrx_word' id='word_1_321' title='bbox 2131 3571 2188 3612; x_wconf 88' lang='lat' dir='ltr'>nos</span> <span class='ocrx_word' id='word_1_322' title='bbox 2216 3556 2248 3612; x_wconf 92' lang='lat' dir='ltr'>et</span> <span class='ocrx_word' id='word_1_323' title='bbox 2273 3571 2438 3612; x_wconf 88' lang='lat' dir='ltr'>romanam</span> 
     </span>
     <span class='ocr_line' id='line_1_29' title="bbox 614 3656 2439 3743; baseline -0.001 -21"><span class='ocrx_word' id='word_1_324' title='bbox 614 3658 795 3722; x_wconf 86' lang='lat' dir='ltr'>Ecclesiam</span> <span class='ocrx_word' id='word_1_325' title='bbox 818 3658 914 3743; x_wconf 92' lang='lat' dir='ltr'>pleno</span> <span class='ocrx_word' id='word_1_326' title='bbox 939 3659 1008 3720; x_wconf 90' lang='lat' dir='ltr'>iure</span> <span class='ocrx_word' id='word_1_327' title='bbox 1032 3658 1255 3743; x_wconf 86' lang='lat' dir='ltr'>spectantium,</span> <span class='ocrx_word' id='word_1_328' title='bbox 1273 3658 1331 3720; x_wconf 92' lang='lat' dir='ltr'>tibi</span> <span class='ocrx_word' id='word_1_329' title='bbox 1355 3658 1522 3743; x_wconf 89' lang='lat' dir='ltr'>recipienti</span> <span class='ocrx_word' id='word_1_330' title='bbox 1546 3665 1655 3721; x_wconf 92' lang='lat' dir='ltr'>nostro</span> <span class='ocrx_word' id='word_1_331' title='bbox 1679 3665 1710 3722; x_wconf 90' lang='lat' dir='ltr'>et</span> <span class='ocrx_word' id='word_1_332' title='bbox 1732 3679 1952 3721; x_wconf 91' lang='lat' dir='ltr'>successorum</span> <span class='ocrx_word' id='word_1_333' title='bbox 1977 3665 2158 3720; x_wconf 91' lang='lat' dir='ltr'>nostrorum</span> <span class='ocrx_word' id='word_1_334' title='bbox 2176 3679 2212 3720; x_wconf 91' lang='lat' dir='ltr'>ac</span> <span class='ocrx_word' id='word_1_335' title='bbox 2230 3678 2361 3720; x_wconf 91' lang='lat' dir='ltr'>romane</span> <span class='ocrx_word' id='word_1_336' title='bbox 2377 3656 2439 3720; x_wconf 88' lang='lat' dir='ltr'>Ec·</span> 
     </span>
     <span class='ocr_line' id='line_1_30' title="bbox 615 3764 2440 3851; baseline -0.001 -23"><span class='ocrx_word' id='word_1_337' title='bbox 615 3767 711 3829; x_wconf 87' lang='lat' dir='ltr'>clesic</span> <span class='ocrx_word' id='word_1_338' title='bbox 736 3767 954 3851; x_wconf 84' lang='lat' dir='ltr'>predictorum</span> <span class='ocrx_word' id='word_1_339' title='bbox 977 3766 1116 3844; x_wconf 78' lang='lat' dir='ltr'>nominc,</span> <span class='ocrx_word' id='word_1_340' title='bbox 1134 3787 1170 3828; x_wconf 88' lang='lat' dir='ltr'>ac</span> <span class='ocrx_word' id='word_1_341' title='bbox 1188 3787 1244 3851; x_wconf 91' lang='lat' dir='ltr'>per</span> <span class='ocrx_word' id='word_1_342' title='bbox 1261 3773 1291 3828; x_wconf 93' lang='lat' dir='ltr'>te</span> <span class='ocrx_word' id='word_1_343' title='bbox 1310 3767 1437 3829; x_wconf 91' lang='lat' dir='ltr'>nomine</span> <span class='ocrx_word' id='word_1_344' title='bbox 1454 3765 1638 3850; x_wconf 90' lang='lat' dir='ltr'>supradicto</span> <span class='ocrx_word' id='word_1_345' title='bbox 1656 3765 1840 3849; x_wconf 90' lang='lat' dir='ltr'>hujusmodi</span> <span class='ocrx_word' id='word_1_346' title='bbox 1856 3765 1937 3828; x_wconf 90' lang='lat' dir='ltr'>reali</span> <span class='ocrx_word' id='word_1_347' title='bbox 1953 3773 1984 3828; x_wconf 89' lang='lat' dir='ltr'>et</span> <span class='ocrx_word' id='word_1_348' title='bbox 2001 3764 2161 3850; x_wconf 86' lang='lat' dir='ltr'>corporali</span> <span class='ocrx_word' id='word_1_349' title='bbox 2178 3765 2389 3849; x_wconf 88' lang='lat' dir='ltr'>possessione,</span> <span class='ocrx_word' id='word_1_350' title='bbox 2407 3773 2440 3828; x_wconf 94' lang='lat' dir='ltr'>et</span> 
     </span>
     <span class='ocr_line' id='line_1_31' title="bbox 615 3871 2440 3960; baseline -0.001 -24"><span class='ocrx_word' id='word_1_351' title='bbox 615 3875 717 3958; x_wconf 91' lang='lat' dir='ltr'>qnasi,</span> <span class='ocrx_word' id='word_1_352' title='bbox 737 3879 876 3959; x_wconf 89' lang='lat' dir='ltr'>recepta,</span> <span class='ocrx_word' id='word_1_353' title='bbox 894 3874 1096 3960; x_wconf 87' lang='lat' dir='ltr'>apprehensa</span> <span class='ocrx_word' id='word_1_354' title='bbox 1121 3881 1152 3936; x_wconf 94' lang='lat' dir='ltr'>et</span> <span class='ocrx_word' id='word_1_355' title='bbox 1177 3873 1287 3936; x_wconf 90' lang='lat' dir='ltr'>habita</span> <span class='ocrx_word' id='word_1_356' title='bbox 1311 3875 1442 3958; x_wconf 87' lang='lat' dir='ltr'>pacifice</span> <span class='ocrx_word' id='word_1_357' title='bbox 1467 3880 1498 3936; x_wconf 89' lang='lat' dir='ltr'>et</span> <span class='ocrx_word' id='word_1_358' title='bbox 1523 3874 1641 3956; x_wconf 90' lang='lat' dir='ltr'>quiete,</span> <span class='ocrx_word' id='word_1_359' title='bbox 1659 3872 1752 3936; x_wconf 90' lang='lat' dir='ltr'>factis</span> <span class='ocrx_word' id='word_1_360' title='bbox 1770 3873 1866 3936; x_wconf 90' lang='lat' dir='ltr'>ctiam</span> <span class='ocrx_word' id='word_1_361' title='bbox 1884 3893 1941 3958; x_wconf 89' lang='lat' dir='ltr'>per</span> <span class='ocrx_word' id='word_1_362' title='bbox 1958 3874 2188 3936; x_wconf 88' lang='lat' dir='ltr'>constituentes</span> <span class='ocrx_word' id='word_1_363' title='bbox 2205 3871 2333 3936; x_wconf 90' lang='lat' dir='ltr'>eosdem</span> <span class='ocrx_word' id='word_1_364' title='bbox 2352 3893 2440 3936; x_wconf 91' lang='lat' dir='ltr'>reco-</span> 
     </span>
     <span class='ocr_line' id='line_1_32' title="bbox 615 3980 2439 4066; baseline -0.002 -22"><span class='ocrx_word' id='word_1_365' title='bbox 615 3981 824 4064; x_wconf 89' lang='lat' dir='ltr'>gnitionibus,</span> <span class='ocrx_word' id='word_1_366' title='bbox 839 3981 1115 4062; x_wconf 86' lang='lat' dir='ltr'>ratificationibus,</span> <span class='ocrx_word' id='word_1_367' title='bbox 1130 3981 1414 4066; x_wconf 88' lang='lat' dir='ltr'>acceptationibus,</span> <span class='ocrx_word' id='word_1_368' title='bbox 1432 3980 1709 4062; x_wconf 85' lang='lat' dir='ltr'>affirmationibus,</span> <span class='ocrx_word' id='word_1_369' title='bbox 1727 3981 2033 4061; x_wconf 88' lang='lat' dir='ltr'>confirmationibus,</span> <span class='ocrx_word' id='word_1_370' title='bbox 2051 3980 2439 4064; x_wconf 88' lang='lat' dir='ltr'>emologationibus,cun1</span> 
     </span>
     <span class='ocr_line' id='line_1_33' title="bbox 616 4087 2440 4174; baseline -0.001 -23"><span class='ocrx_word' id='word_1_371' title='bbox 616 4090 869 4152; x_wconf 88' lang='lat' dir='ltr'>iuramentorum</span> <span class='ocrx_word' id='word_1_372' title='bbox 894 4088 1156 4174; x_wconf 89' lang='lat' dir='ltr'>prestationibus,</span> <span class='ocrx_word' id='word_1_373' title='bbox 1174 4087 1425 4172; x_wconf 89' lang='lat' dir='ltr'>obligationibus</span> <span class='ocrx_word' id='word_1_374' title='bbox 1449 4109 1575 4172; x_wconf 91' lang='lat' dir='ltr'>qnoque</span> <span class='ocrx_word' id='word_1_375' title='bbox 1601 4109 1698 4174; x_wconf 90' lang='lat' dir='ltr'>snper</span> <span class='ocrx_word' id='word_1_376' title='bbox 1722 4110 1818 4152; x_wconf 91' lang='lat' dir='ltr'>censu</span> <span class='ocrx_word' id='word_1_377' title='bbox 1844 4096 1875 4151; x_wconf 92' lang='lat' dir='ltr'>et</span> <span class='ocrx_word' id='word_1_378' title='bbox 1900 4089 1973 4172; x_wconf 89' lang='lat' dir='ltr'>alijs</span> <span class='ocrx_word' id='word_1_379' title='bbox 1995 4087 2141 4151; x_wconf 92' lang='lat' dir='ltr'>omnibus</span> <span class='ocrx_word' id='word_1_380' title='bbox 2159 4096 2191 4150; x_wconf 91' lang='lat' dir='ltr'>ct</span> <span class='ocrx_word' id='word_1_381' title='bbox 2206 4087 2343 4172; x_wconf 89' lang='lat' dir='ltr'>singulis</span> <span class='ocrx_word' id='word_1_382' title='bbox 2364 4109 2440 4150; x_wconf 94' lang='lat' dir='ltr'>con·</span> 
     </span>
     <span class='ocr_line' id='line_1_34' title="bbox 614 4194 2439 4282; baseline -0.001 -25"><span class='ocrx_word' id='word_1_383' title='bbox 614 4197 710 4258; x_wconf 91' lang='lat' dir='ltr'>tentis</span> <span class='ocrx_word' id='word_1_384' title='bbox 736 4197 767 4258; x_wconf 95' lang='lat' dir='ltr'>in</span> <span class='ocrx_word' id='word_1_385' title='bbox 793 4195 886 4259; x_wconf 91' lang='lat' dir='ltr'>dictis</span> <span class='ocrx_word' id='word_1_386' title='bbox 911 4197 1026 4259; x_wconf 90' lang='lat' dir='ltr'>litteris</span> <span class='ocrx_word' id='word_1_387' title='bbox 1050 4196 1209 4276; x_wconf 89' lang='lat' dir='ltr'>distincte,</span> <span class='ocrx_word' id='word_1_388' title='bbox 1226 4196 1409 4280; x_wconf 88' lang='lat' dir='ltr'>specialiter</span> <span class='ocrx_word' id='word_1_389' title='bbox 1429 4202 1461 4258; x_wconf 90' lang='lat' dir='ltr'>et</span> <span class='ocrx_word' id='word_1_390' title='bbox 1484 4217 1647 4280; x_wconf 87' lang='lat' dir='ltr'>expresse,</span> <span class='ocrx_word' id='word_1_391' title='bbox 1665 4217 1701 4260; x_wconf 90' lang='lat' dir='ltr'>ac</span> <span class='ocrx_word' id='word_1_392' title='bbox 1725 4196 1890 4282; x_wconf 88' lang='lat' dir='ltr'>premissis</span> <span class='ocrx_word' id='word_1_393' title='bbox 1914 4195 2061 4259; x_wconf 92' lang='lat' dir='ltr'>omnibns</span> <span class='ocrx_word' id='word_1_394' title='bbox 2087 4196 2177 4258; x_wconf 90' lang='lat' dir='ltr'>iuxta</span> <span class='ocrx_word' id='word_1_395' title='bbox 2201 4194 2439 4282; x_wconf 89' lang='lat' dir='ltr'>promissiones,</span> 
     </span>
     <span class='ocr_line' id='line_1_35' title="bbox 616 4301 2439 4387; baseline -0.001 -22"><span class='ocrx_word' id='word_1_396' title='bbox 616 4303 830 4387; x_wconf 89' lang='lat' dir='ltr'>obligationes</span> <span class='ocrx_word' id='word_1_397' title='bbox 855 4309 886 4366; x_wconf 93' lang='lat' dir='ltr'>ct</span> <span class='ocrx_word' id='word_1_398' title='bbox 911 4303 1091 4366; x_wconf 89' lang='lat' dir='ltr'>iuramenta</span> <span class='ocrx_word' id='word_1_399' title='bbox 1116 4303 1191 4365; x_wconf 90' lang='lat' dir='ltr'>dicti</span> <span class='ocrx_word' id='word_1_400' title='bbox 1216 4303 1330 4366; x_wconf 93' lang='lat' dir='ltr'>sindici</span> <span class='ocrx_word' id='word_1_401' title='bbox 1362 4325 1399 4366; x_wconf 89' lang='lat' dir='ltr'>ao</span> <span class='ocrx_word' id='word_1_402' title='bbox 1427 4303 1604 4366; x_wconf 85' lang='lat' dir='ltr'>secundnm</span> <span class='ocrx_word' id='word_1_403' title='bbox 1628 4303 1775 4384; x_wconf 92' lang='lat' dir='ltr'>modum,</span> <span class='ocrx_word' id='word_1_404' title='bbox 1801 4303 1937 4366; x_wconf 86' lang='lat' dir='ltr'>formam</span> <span class='ocrx_word' id='word_1_405' title='bbox 1962 4309 1993 4366; x_wconf 91' lang='lat' dir='ltr'>et</span> <span class='ocrx_word' id='word_1_406' title='bbox 2018 4302 2163 4366; x_wconf 83' lang='lat' dir='ltr'>ordinem</span> <span class='ocrx_word' id='word_1_407' title='bbox 2188 4303 2219 4364; x_wconf 94' lang='lat' dir='ltr'>in</span> <span class='ocrx_word' id='word_1_408' title='bbox 2244 4301 2364 4364; x_wconf 87' lang='lat' dir='ltr'>eisdem</span> <span class='ocrx_word' id='word_1_409' title='bbox 2387 4302 2439 4364; x_wconf 89' lang='lat' dir='ltr'>lit·</span> 
     </span>
     <span class='ocr_line' id='line_1_36' title="bbox 615 4409 2440 4496; baseline -0.001 -24"><span class='ocrx_word' id='word_1_410' title='bbox 615 4411 692 4472; x_wconf 86' lang='lat' dir='ltr'>teris</span> <span class='ocrx_word' id='word_1_411' title='bbox 716 4411 833 4473; x_wconf 88' lang='lat' dir='ltr'>nostris</span> <span class='ocrx_word' id='word_1_412' title='bbox 858 4431 1030 4495; x_wconf 84' lang='lat' dir='ltr'>expressos</span> <span class='ocrx_word' id='word_1_413' title='bbox 1055 4409 1139 4472; x_wconf 87' lang='lat' dir='ltr'>infra</span> <span class='ocrx_word' id='word_1_414' title='bbox 1170 4410 1327 4473; x_wconf 82' lang='lat' dir='ltr'>kalendas</span> <span class='ocrx_word' id='word_1_415' title='bbox 1359 4411 1478 4473; x_wconf 89' lang='lat' dir='ltr'>mensis</span> <span class='ocrx_word' id='word_1_416' title='bbox 1511 4411 1701 4496; x_wconf 87' lang='lat' dir='ltr'>septembris</span> <span class='ocrx_word' id='word_1_417' title='bbox 1733 4411 1880 4496; x_wconf 90' lang='lat' dir='ltr'>proximo</span> <span class='ocrx_word' id='word_1_418' title='bbox 1912 4411 2037 4473; x_wconf 89' lang='lat' dir='ltr'>futuras</span> <span class='ocrx_word' id='word_1_419' title='bbox 2070 4410 2176 4473; x_wconf 90' lang='lat' dir='ltr'>debite</span> <span class='ocrx_word' id='word_1_420' title='bbox 2208 4415 2240 4472; x_wconf 90' lang='lat' dir='ltr'>et</span> <span class='ocrx_word' id='word_1_421' title='bbox 2268 4409 2440 4472; x_wconf 86' lang='lat' dir='ltr'>efficaciter</span> 
     </span>
     <span class='ocr_line' id='line_1_37' title="bbox 616 4515 2439 4604; baseline 0 -24"><span class='ocrx_word' id='word_1_422' title='bbox 616 4517 799 4603; x_wconf 78' lang='lat' dir='ltr'>aclimpletis</span> <span class='ocrx_word' id='word_1_423' title='bbox 824 4519 915 4580; x_wconf 90' lang='lat' dir='ltr'>iuxta</span> <span class='ocrx_word' id='word_1_424' title='bbox 940 4518 1155 4604; x_wconf 88' lang='lat' dir='ltr'>predictarum</span> <span class='ocrx_word' id='word_1_425' title='bbox 1180 4517 1316 4581; x_wconf 88' lang='lat' dir='ltr'>formam</span> <span class='ocrx_word' id='word_1_426' title='bbox 1341 4526 1372 4580; x_wconf 93' lang='lat' dir='ltr'>et</span> <span class='ocrx_word' id='word_1_427' title='bbox 1397 4518 1512 4581; x_wconf 88' lang='lat' dir='ltr'>seriem</span> <span class='ocrx_word' id='word_1_428' title='bbox 1536 4519 1726 4599; x_wconf 89' lang='lat' dir='ltr'>litterarum,</span> <span class='ocrx_word' id='word_1_429' title='bbox 1744 4517 1831 4581; x_wconf 86' lang='lat' dir='ltr'>etde</span> <span class='ocrx_word' id='word_1_430' title='bbox 1848 4518 1911 4601; x_wconf 94' lang='lat' dir='ltr'>hijs</span> <span class='ocrx_word' id='word_1_431' title='bbox 1929 4517 2076 4582; x_wconf 91' lang='lat' dir='ltr'>omnibns</span> <span class='ocrx_word' id='word_1_432' title='bbox 2093 4524 2124 4580; x_wconf 88' lang='lat' dir='ltr'>ct</span> <span class='ocrx_word' id='word_1_433' title='bbox 2141 4517 2277 4601; x_wconf 89' lang='lat' dir='ltr'>singulis</span> <span class='ocrx_word' id='word_1_434' title='bbox 2293 4515 2439 4580; x_wconf 89' lang='lat' dir='ltr'>confecto</span> 
     </span>
     <span class='ocr_line' id='line_1_38' title="bbox 616 4615 2440 4711; baseline -0.001 -24"><span class='ocrx_word' id='word_1_435' title='bbox 616 4625 744 4710; x_wconf 91' lang='lat' dir='ltr'>publico</span> <span class='ocrx_word' id='word_1_436' title='bbox 771 4625 982 4688; x_wconf 89' lang='lat' dir='ltr'>instrumento</span> <span class='ocrx_word' id='word_1_437' title='bbox 1006 4624 1200 4706; x_wconf 90' lang='lat' dir='ltr'>tabellionis,</span> <span class='ocrx_word' id='word_1_438' title='bbox 1217 4625 1348 4711; x_wconf 89' lang='lat' dir='ltr'>publica</span> <span class='ocrx_word' id='word_1_439' title='bbox 1372 4647 1466 4688; x_wconf 92' lang='lat' dir='ltr'>mann</span> <span class='ocrx_word' id='word_1_440' title='bbox 1492 4625 1621 4710; x_wconf 88' lang='lat' dir='ltr'>scripto,</span> <span class='ocrx_word' id='word_1_441' title='bbox 1644 4615 1736 4688; x_wconf 85' lang='lat' dir='ltr'>nobis</span> <span class='ocrx_word' id='word_1_442' title='bbox 1754 4625 1837 4688; x_wconf 90' lang='lat' dir='ltr'>infra</span> <span class='ocrx_word' id='word_1_443' title='bbox 1855 4625 2011 4688; x_wconf 90' lang='lat' dir='ltr'>kalendas</span> <span class='ocrx_word' id='word_1_444' title='bbox 2034 4624 2173 4710; x_wconf 83' lang='lat' dir='ltr'>proximi</span> <span class='ocrx_word' id='word_1_445' title='bbox 2197 4623 2297 4687; x_wconf 89' lang='lat' dir='ltr'>futuri</span> <span class='ocrx_word' id='word_1_446' title='bbox 2321 4624 2440 4686; x_wconf 91' lang='lat' dir='ltr'>mensis</span> 
     </span>
     <span class='ocr_line' id='line_1_39' title="bbox 615 4731 2437 4818; baseline -0.001 -24"><span class='ocrx_word' id='word_1_447' title='bbox 615 4733 754 4795; x_wconf 88' lang='lat' dir='ltr'>octobris</span> <span class='ocrx_word' id='word_1_448' title='bbox 779 4732 916 4795; x_wconf 88' lang='lat' dir='ltr'>fideliter</span> <span class='ocrx_word' id='word_1_449' title='bbox 940 4731 1130 4796; x_wconf 85' lang='lat' dir='ltr'>destinando</span> <span class='ocrx_word' id='word_1_450' title='bbox 1155 4739 1187 4795; x_wconf 89' lang='lat' dir='ltr'>et</span> <span class='ocrx_word' id='word_1_451' title='bbox 1210 4732 1341 4795; x_wconf 85' lang='lat' dir='ltr'>realiter</span> <span class='ocrx_word' id='word_1_452' title='bbox 1372 4732 1584 4816; x_wconf 71' lang='lat' dir='ltr'>assignando,</span> <span class='ocrx_word' id='word_1_453' title='bbox 1610 4740 1643 4795; x_wconf 90' lang='lat' dir='ltr'>tn</span> <span class='ocrx_word' id='word_1_454' title='bbox 1674 4732 1819 4817; x_wconf 90' lang='lat' dir='ltr'>predicta</span> <span class='ocrx_word' id='word_1_455' title='bbox 1852 4733 1960 4796; x_wconf 92' lang='lat' dir='ltr'>omnia</span> <span class='ocrx_word' id='word_1_456' title='bbox 1990 4733 2152 4818; x_wconf 86' lang='lat' dir='ltr'>postulata</span> <span class='ocrx_word' id='word_1_457' title='bbox 2183 4737 2215 4794; x_wconf 90' lang='lat' dir='ltr'>ct</span> <span class='ocrx_word' id='word_1_458' title='bbox 2245 4731 2347 4816; x_wconf 88' lang='lat' dir='ltr'>petita</span> <span class='ocrx_word' id='word_1_459' title='bbox 2379 4753 2437 4816; x_wconf 93' lang='lat' dir='ltr'>per</span> 
     </span>
     <span class='ocr_line' id='line_1_40' title="bbox 616 4837 2440 4926; baseline -0.001 -26"><span class='ocrx_word' id='word_1_460' title='bbox 616 4838 735 4902; x_wconf 91' lang='lat' dir='ltr'>dictum</span> <span class='ocrx_word' id='word_1_461' title='bbox 760 4839 918 4902; x_wconf 92' lang='lat' dir='ltr'>sindicum</span> <span class='ocrx_word' id='word_1_462' title='bbox 942 4839 1117 4902; x_wconf 90' lang='lat' dir='ltr'>secundum</span> <span class='ocrx_word' id='word_1_463' title='bbox 1143 4838 1385 4924; x_wconf 89' lang='lat' dir='ltr'>dispositionem</span> <span class='ocrx_word' id='word_1_464' title='bbox 1415 4847 1557 4902; x_wconf 89' lang='lat' dir='ltr'>nostram</span> <span class='ocrx_word' id='word_1_465' title='bbox 1581 4839 1613 4901; x_wconf 93' lang='lat' dir='ltr'>in</span> <span class='ocrx_word' id='word_1_466' title='bbox 1638 4839 1752 4902; x_wconf 84' lang='lat' dir='ltr'>litteris</span> <span class='ocrx_word' id='word_1_467' title='bbox 1777 4839 1910 4926; x_wconf 90' lang='lat' dir='ltr'>prefatis</span> <span class='ocrx_word' id='word_1_468' title='bbox 1935 4860 2138 4924; x_wconf 85' lang='lat' dir='ltr'>expressam,</span> <span class='ocrx_word' id='word_1_469' title='bbox 2165 4859 2202 4901; x_wconf 90' lang='lat' dir='ltr'>ae</span> <span class='ocrx_word' id='word_1_470' title='bbox 2226 4837 2323 4900; x_wconf 87' lang='lat' dir='ltr'>etiam</span> <span class='ocrx_word' id='word_1_471' title='bbox 2350 4837 2440 4900; x_wconf 89' lang='lat' dir='ltr'>iuxta</span> 
     </span>
     <span class='ocr_line' id='line_1_41' title="bbox 616 4944 2441 5032; baseline 0 -24"><span class='ocrx_word' id='word_1_472' title='bbox 616 4946 868 5028; x_wconf 75' lang='lat' dir='ltr'>declarationes,</span> <span class='ocrx_word' id='word_1_473' title='bbox 894 4946 1131 5010; x_wconf 87' lang='lat' dir='ltr'>moderationes</span> <span class='ocrx_word' id='word_1_474' title='bbox 1155 4953 1186 5009; x_wconf 90' lang='lat' dir='ltr'>et</span> <span class='ocrx_word' id='word_1_475' title='bbox 1217 4947 1436 5031; x_wconf 91' lang='lat' dir='ltr'>suppletiones</span> <span class='ocrx_word' id='word_1_476' title='bbox 1468 4947 1646 5032; x_wconf 88' lang='lat' dir='ltr'>predictas,</span> <span class='ocrx_word' id='word_1_477' title='bbox 1672 4947 1793 5010; x_wconf 91' lang='lat' dir='ltr'>eisdem</span> <span class='ocrx_word' id='word_1_478' title='bbox 1817 4947 2002 5028; x_wconf 92' lang='lat' dir='ltr'>Communi,</span> <span class='ocrx_word' id='word_1_479' title='bbox 2028 4945 2240 5010; x_wconf 82' lang='lat' dir='ltr'>l&#39;nixersitati</span> <span class='ocrx_word' id='word_1_480' title='bbox 2264 4952 2297 5007; x_wconf 90' lang='lat' dir='ltr'>et</span> <span class='ocrx_word' id='word_1_481' title='bbox 2319 4944 2441 5030; x_wconf 90' lang='lat' dir='ltr'>populo</span> 
     </span>
     <span class='ocr_line' id='line_1_42' title="bbox 615 5051 2439 5139; baseline -0.001 -23"><span class='ocrx_word' id='word_1_482' title='bbox 615 5054 677 5116; x_wconf 91' lang='lat' dir='ltr'>nisi</span> <span class='ocrx_word' id='word_1_483' title='bbox 700 5062 858 5139; x_wconf 89' lang='lat' dir='ltr'>quatenus</span> <span class='ocrx_word' id='word_1_484' title='bbox 882 5076 939 5139; x_wconf 90' lang='lat' dir='ltr'>per</span> <span class='ocrx_word' id='word_1_485' title='bbox 963 5055 1105 5117; x_wconf 89' lang='lat' dir='ltr'>litteram</span> <span class='ocrx_word' id='word_1_486' title='bbox 1130 5060 1272 5116; x_wconf 86' lang='lat' dir='ltr'>nostram</span> <span class='ocrx_word' id='word_1_487' title='bbox 1297 5075 1358 5137; x_wconf 91' lang='lat' dir='ltr'>qne</span> <span class='ocrx_word' id='word_1_488' title='bbox 1384 5054 1511 5138; x_wconf 89' lang='lat' dir='ltr'>incipit:</span> <span class='ocrx_word' id='word_1_489' title='bbox 1539 5079 1553 5110; x_wconf 71' lang='lat' dir='ltr'>e</span> <span class='ocrx_word' id='word_1_490' title='bbox 1581 5053 1731 5132; x_wconf 69' lang='lat' dir='ltr'>(laconiam</span> <span class='ocrx_word' id='word_1_491' title='bbox 1755 5056 1832 5117; x_wconf 86' lang='lat' dir='ltr'>sicat</span> <span class='ocrx_word' id='word_1_492' title='bbox 1850 5075 1910 5137; x_wconf 81' lang='lat' dir='ltr'>per</span> <span class='ocrx_word' id='word_1_493' title='bbox 1933 5057 2011 5116; x_wconf 80' lang='lat' dir='ltr'>rr&#39;ros</span> <span class='ocrx_word' id='word_1_494' title='bbox 2035 5061 2171 5137; x_wconf 73' lang='lat' dir='ltr'>expertos</span> <span class='ocrx_word' id='word_1_495' title='bbox 2194 5060 2246 5116; x_wconf 85' lang='lat' dir='ltr'>etc.</span> <span class='ocrx_word' id='word_1_496' title='bbox 2265 5077 2280 5108; x_wconf 88' lang='lat'><strong>»</strong></span> <span class='ocrx_word' id='word_1_497' title='bbox 2309 5053 2367 5116; x_wconf 91' lang='lat' dir='ltr'>tibi</span> <span class='ocrx_word' id='word_1_498' title='bbox 2391 5051 2439 5114; x_wconf 93' lang='lat' dir='ltr'>di-</span> 
     </span>
     <span class='ocr_line' id='line_1_43' title="bbox 615 5158 2442 5246; baseline 0 -24"><span class='ocrx_word' id='word_1_499' title='bbox 615 5167 736 5223; x_wconf 89' lang='lat' dir='ltr'>rectam</span> <span class='ocrx_word' id='word_1_500' title='bbox 760 5182 857 5245; x_wconf 91' lang='lat' dir='ltr'>super</span> <span class='ocrx_word' id='word_1_501' title='bbox 881 5160 1043 5246; x_wconf 91' lang='lat' dir='ltr'>aliquibus</span> <span class='ocrx_word' id='word_1_502' title='bbox 1067 5181 1108 5224; x_wconf 91' lang='lat' dir='ltr'>ex</span> <span class='ocrx_word' id='word_1_503' title='bbox 1130 5159 1318 5245; x_wconf 89' lang='lat' dir='ltr'>hujusmodi</span> <span class='ocrx_word' id='word_1_504' title='bbox 1342 5160 1511 5245; x_wconf 89' lang='lat' dir='ltr'>postulatis</span> <span class='ocrx_word' id='word_1_505' title='bbox 1536 5167 1567 5223; x_wconf 91' lang='lat' dir='ltr'>et</span> <span class='ocrx_word' id='word_1_506' title='bbox 1591 5161 1700 5245; x_wconf 87' lang='lat' dir='ltr'>petitis</span> <span class='ocrx_word' id='word_1_507' title='bbox 1724 5181 1781 5244; x_wconf 90' lang='lat' dir='ltr'>per</span> <span class='ocrx_word' id='word_1_508' title='bbox 1805 5160 1925 5224; x_wconf 92' lang='lat' dir='ltr'>dictum</span> <span class='ocrx_word' id='word_1_509' title='bbox 1957 5159 2114 5222; x_wconf 88' lang='lat' dir='ltr'>sindicum</span> <span class='ocrx_word' id='word_1_510' title='bbox 2145 5158 2267 5244; x_wconf 86' lang='lat' dir='ltr'>aliquid</span> <span class='ocrx_word' id='word_1_511' title='bbox 2295 5159 2442 5222; x_wconf 88' lang='lat' dir='ltr'>extiterit</span> 
     </span>
     <span class='ocr_line' id='line_1_44' title="bbox 615 5265 2441 5353; baseline 0 -25"><span class='ocrx_word' id='word_1_512' title='bbox 615 5267 828 5348; x_wconf 89' lang='lat' dir='ltr'>immutatum,</span> <span class='ocrx_word' id='word_1_513' title='bbox 847 5268 1024 5353; x_wconf 91' lang='lat' dir='ltr'>apostolica</span> <span class='ocrx_word' id='word_1_514' title='bbox 1046 5268 1237 5331; x_wconf 88' lang='lat' dir='ltr'>anctoritate</span> <span class='ocrx_word' id='word_1_515' title='bbox 1262 5266 1419 5330; x_wconf 89' lang='lat' dir='ltr'>concedas</span> <span class='ocrx_word' id='word_1_516' title='bbox 1444 5287 1517 5330; x_wconf 93' lang='lat' dir='ltr'>cum</span> <span class='ocrx_word' id='word_1_517' title='bbox 1542 5267 1689 5330; x_wconf 87' lang='lat' dir='ltr'>omnibus</span> <span class='ocrx_word' id='word_1_518' title='bbox 1714 5267 1960 5347; x_wconf 91' lang='lat' dir='ltr'>conditionibus,</span> <span class='ocrx_word' id='word_1_519' title='bbox 1978 5266 2153 5329; x_wconf 91' lang='lat' dir='ltr'>honoribus</span> <span class='ocrx_word' id='word_1_520' title='bbox 2175 5274 2207 5328; x_wconf 89' lang='lat' dir='ltr'>et</span> <span class='ocrx_word' id='word_1_521' title='bbox 2224 5265 2385 5347; x_wconf 89' lang='lat' dir='ltr'>oneribus,</span> <span class='ocrx_word' id='word_1_522' title='bbox 2404 5286 2441 5328; x_wconf 88' lang='lat' dir='ltr'>ac</span> 
     </span>
     <span class='ocr_line' id='line_1_45' title="bbox 615 5373 2441 5460; baseline -0.001 -24"><span class='ocrx_word' id='word_1_523' title='bbox 615 5374 716 5438; x_wconf 91' lang='lat' dir='ltr'>modis</span> <span class='ocrx_word' id='word_1_524' title='bbox 741 5384 772 5438; x_wconf 90' lang='lat' dir='ltr'>ct</span> <span class='ocrx_word' id='word_1_525' title='bbox 798 5374 908 5438; x_wconf 90' lang='lat' dir='ltr'>formis</span> <span class='ocrx_word' id='word_1_526' title='bbox 934 5376 1092 5438; x_wconf 90' lang='lat' dir='ltr'>enarratis</span> <span class='ocrx_word' id='word_1_527' title='bbox 1118 5375 1150 5437; x_wconf 93' lang='lat' dir='ltr'>in</span> <span class='ocrx_word' id='word_1_528' title='bbox 1174 5374 1266 5438; x_wconf 90' lang='lat' dir='ltr'>dictis</span> <span class='ocrx_word' id='word_1_529' title='bbox 1291 5375 1407 5438; x_wconf 87' lang='lat' dir='ltr'>litteris</span> <span class='ocrx_word' id='word_1_530' title='bbox 1431 5374 1593 5460; x_wconf 85' lang='lat' dir='ltr'>predictis,</span> <span class='ocrx_word' id='word_1_531' title='bbox 1611 5373 1894 5455; x_wconf 90' lang='lat' dir='ltr'>declarationibus,</span> <span class='ocrx_word' id='word_1_532' title='bbox 1912 5373 2185 5436; x_wconf 87' lang='lat' dir='ltr'>moderationibus</span> <span class='ocrx_word' id='word_1_533' title='bbox 2209 5380 2242 5435; x_wconf 90' lang='lat' dir='ltr'>et</span> <span class='ocrx_word' id='word_1_534' title='bbox 2264 5373 2441 5458; x_wconf 88' lang='lat' dir='ltr'>suppletio-</span> 
     </span>
     <span class='ocr_line' id='line_1_46' title="bbox 617 5479 2441 5568; baseline -0.001 -24"><span class='ocrx_word' id='word_1_535' title='bbox 617 5483 710 5545; x_wconf 91' lang='lat' dir='ltr'>nibus</span> <span class='ocrx_word' id='word_1_536' title='bbox 736 5483 852 5545; x_wconf 87' lang='lat' dir='ltr'>nosnis</span> <span class='ocrx_word' id='word_1_537' title='bbox 876 5483 908 5544; x_wconf 94' lang='lat' dir='ltr'>in</span> <span class='ocrx_word' id='word_1_538' title='bbox 933 5483 1085 5568; x_wconf 87' lang='lat' dir='ltr'>predictis</span> <span class='ocrx_word' id='word_1_539' title='bbox 1110 5482 1258 5546; x_wconf 91' lang='lat' dir='ltr'>omnibus</span> <span class='ocrx_word' id='word_1_540' title='bbox 1282 5483 1427 5568; x_wconf 90' lang='lat' dir='ltr'>plenarie</span> <span class='ocrx_word' id='word_1_541' title='bbox 1452 5482 1649 5563; x_wconf 76' lang='lat' dir='ltr'>observatis,</span> <span class='ocrx_word' id='word_1_542' title='bbox 1674 5481 1713 5545; x_wconf 91' lang='lat' dir='ltr'>dc</span> <span class='ocrx_word' id='word_1_543' title='bbox 1737 5488 1847 5544; x_wconf 89' lang='lat' dir='ltr'>nostra</span> <span class='ocrx_word' id='word_1_544' title='bbox 1871 5489 1903 5544; x_wconf 90' lang='lat' dir='ltr'>et</span> <span class='ocrx_word' id='word_1_545' title='bbox 1927 5482 2027 5566; x_wconf 88' lang='lat' dir='ltr'>ipsius</span> <span class='ocrx_word' id='word_1_546' title='bbox 2052 5479 2145 5544; x_wconf 88' lang='lat' dir='ltr'>Sedis</span> <span class='ocrx_word' id='word_1_547' title='bbox 2169 5481 2275 5565; x_wconf 90' lang='lat' dir='ltr'>grstia</span> <span class='ocrx_word' id='word_1_548' title='bbox 2298 5480 2441 5565; x_wconf 84' lang='lat' dir='ltr'>speciali,</span> 
     </span>
     <span class='ocr_line' id='line_1_47' title="bbox 615 5587 2443 5674; baseline -0.002 -23"><span class='ocrx_word' id='word_1_549' title='bbox 615 5611 652 5652; x_wconf 88' lang='lat' dir='ltr'>ac</span> <span class='ocrx_word' id='word_1_550' title='bbox 675 5589 854 5674; x_wconf 90' lang='lat' dir='ltr'>predictam</span> <span class='ocrx_word' id='word_1_551' title='bbox 878 5591 1071 5652; x_wconf 89' lang='lat' dir='ltr'>sententiam</span> <span class='ocrx_word' id='word_1_552' title='bbox 1096 5590 1274 5673; x_wconf 90' lang='lat' dir='ltr'>interdicti,</span> <span class='ocrx_word' id='word_1_553' title='bbox 1300 5591 1350 5654; x_wconf 89' lang='lat' dir='ltr'>cui</span> <span class='ocrx_word' id='word_1_554' title='bbox 1375 5590 1507 5670; x_wconf 88' lang='lat' dir='ltr'>civitas,</span> <span class='ocrx_word' id='word_1_555' title='bbox 1533 5589 1703 5652; x_wconf 89' lang='lat' dir='ltr'>comitatus</span> <span class='ocrx_word' id='word_1_556' title='bbox 1728 5596 1760 5651; x_wconf 89' lang='lat' dir='ltr'>et</span> <span class='ocrx_word' id='word_1_557' title='bbox 1783 5589 1946 5652; x_wconf 89' lang='lat' dir='ltr'>districtus</span> <span class='ocrx_word' id='word_1_558' title='bbox 1970 5588 2107 5674; x_wconf 93' lang='lat' dir='ltr'>predicti</span> <span class='ocrx_word' id='word_1_559' title='bbox 2138 5607 2177 5650; x_wconf 88' lang='lat' dir='ltr'>ac</span> <span class='ocrx_word' id='word_1_560' title='bbox 2205 5587 2443 5650; x_wconf 87' lang='lat' dir='ltr'>Universitates</span> 
     </span>
     <span class='ocr_line' id='line_1_48' title="bbox 615 5695 2442 5783; baseline -0.001 -25"><span class='ocrx_word' id='word_1_561' title='bbox 615 5703 646 5758; x_wconf 92' lang='lat' dir='ltr'>ct</span> <span class='ocrx_word' id='word_1_562' title='bbox 671 5697 862 5760; x_wconf 84' lang='lat' dir='ltr'>Communia</span> <span class='ocrx_word' id='word_1_563' title='bbox 886 5697 1071 5760; x_wconf 88' lang='lat' dir='ltr'>eorumdem</span> <span class='ocrx_word' id='word_1_564' title='bbox 1096 5704 1228 5783; x_wconf 90' lang='lat' dir='ltr'>propter</span> <span class='ocrx_word' id='word_1_565' title='bbox 1251 5698 1409 5782; x_wconf 88' lang='lat' dir='ltr'>premissa</span> <span class='ocrx_word' id='word_1_566' title='bbox 1432 5696 1599 5759; x_wconf 88' lang='lat' dir='ltr'>subiacere</span> <span class='ocrx_word' id='word_1_567' title='bbox 1624 5705 1809 5777; x_wconf 90' lang='lat' dir='ltr'>noscuntur,</span> <span class='ocrx_word' id='word_1_568' title='bbox 1827 5717 2001 5780; x_wconf 88' lang='lat' dir='ltr'>omnesque</span> <span class='ocrx_word' id='word_1_569' title='bbox 2019 5695 2195 5758; x_wconf 87' lang='lat' dir='ltr'>sententias</span> <span class='ocrx_word' id='word_1_570' title='bbox 2220 5701 2316 5779; x_wconf 88' lang='lat' dir='ltr'>atque</span> <span class='ocrx_word' id='word_1_571' title='bbox 2340 5715 2442 5779; x_wconf 88' lang='lat' dir='ltr'>penas</span> 
     </span>
     <span class='ocr_line' id='line_1_49' title="bbox 615 5801 2442 5890; baseline -0.002 -22"><span class='ocrx_word' id='word_1_572' title='bbox 615 5825 672 5890; x_wconf 90' lang='lat' dir='ltr'>per</span> <span class='ocrx_word' id='word_1_573' title='bbox 696 5804 799 5867; x_wconf 89' lang='lat' dir='ltr'>dictos</span> <span class='ocrx_word' id='word_1_574' title='bbox 824 5825 993 5890; x_wconf 90' lang='lat' dir='ltr'>processus</span> <span class='ocrx_word' id='word_1_575' title='bbox 1017 5812 1050 5868; x_wconf 89' lang='lat' dir='ltr'>et</span> <span class='ocrx_word' id='word_1_576' title='bbox 1074 5826 1292 5890; x_wconf 89' lang='lat' dir='ltr'>quoscumque</span> <span class='ocrx_word' id='word_1_577' title='bbox 1317 5805 1398 5868; x_wconf 90' lang='lat' dir='ltr'>alios</span> <span class='ocrx_word' id='word_1_578' title='bbox 1423 5805 1463 5867; x_wconf 96' lang='lat' dir='ltr'>ob</span> <span class='ocrx_word' id='word_1_579' title='bbox 1487 5805 1662 5889; x_wconf 88' lang='lat' dir='ltr'>premissa,</span> <span class='ocrx_word' id='word_1_580' title='bbox 1687 5804 1739 5866; x_wconf 82' lang='lat' dir='ltr'>scl</span> <span class='ocrx_word' id='word_1_581' title='bbox 1769 5825 1882 5867; x_wconf 90' lang='lat' dir='ltr'>eorum</span> <span class='ocrx_word' id='word_1_582' title='bbox 1910 5803 2078 5866; x_wconf 91' lang='lat' dir='ltr'>occasione</span> <span class='ocrx_word' id='word_1_583' title='bbox 2101 5802 2304 5888; x_wconf 90' lang='lat' dir='ltr'>postmodnm</span> <span class='ocrx_word' id='word_1_584' title='bbox 2330 5801 2442 5865; x_wconf 89' lang='lat' dir='ltr'>subse·</span> 
     </span>
     <span class='ocr_line' id='line_1_50' title="bbox 613 5909 2441 5997; baseline -0.003 -21"><span class='ocrx_word' id='word_1_585' title='bbox 613 5919 715 5992; x_wconf 90' lang='lat' dir='ltr'>cutos,</span> <span class='ocrx_word' id='word_1_586' title='bbox 741 5918 772 5974; x_wconf 89' lang='lat' dir='ltr'>et</span> <span class='ocrx_word' id='word_1_587' title='bbox 796 5912 1041 5975; x_wconf 90' lang='lat' dir='ltr'>constitutiones</span> <span class='ocrx_word' id='word_1_588' title='bbox 1066 5912 1168 5975; x_wconf 90' lang='lat' dir='ltr'>felicis</span> <span class='ocrx_word' id='word_1_589' title='bbox 1193 5911 1424 5976; x_wconf 88' lang='lat' dir='ltr'>recordationis</span> <span class='ocrx_word' id='word_1_590' title='bbox 1447 5911 1610 5994; x_wconf 88' lang='lat' dir='ltr'>Bonifacij</span> <span class='ocrx_word' id='word_1_591' title='bbox 1634 5933 1717 5997; x_wconf 88' lang='lat' dir='ltr'>pape</span> <span class='ocrx_word' id='word_1_592' title='bbox 1738 5910 1844 5975; x_wconf 81' lang='lat' dir='ltr'>octavi</span> <span class='ocrx_word' id='word_1_593' title='bbox 1861 5910 2096 5996; x_wconf 86' lang='lat' dir='ltr'>predecessoris</span> <span class='ocrx_word' id='word_1_594' title='bbox 2113 5910 2214 5972; x_wconf 89' lang='lat' dir='ltr'>nostri</span> <span class='ocrx_word' id='word_1_595' title='bbox 2232 5930 2293 5994; x_wconf 91' lang='lat' dir='ltr'>que</span> <span class='ocrx_word' id='word_1_596' title='bbox 2311 5909 2441 5994; x_wconf 90' lang='lat' dir='ltr'>incipit:</span> 
     </span>
     <span class='ocr_line' id='line_1_51' title="bbox 619 6016 2443 6106; baseline -0.002 -24"><span class='ocrx_word' id='word_1_597' title='bbox 619 6047 632 6074; x_wconf 70' lang='grc' dir='ltr'><em>α</em></span> <span class='ocrx_word' id='word_1_598' title='bbox 658 6019 769 6084; x_wconf 81' lang='lat' dir='ltr'>Felicis</span> <span class='ocrx_word' id='word_1_599' title='bbox 793 6043 823 6102; x_wconf 71' lang='lat' dir='ltr'>a,</span> <span class='ocrx_word' id='word_1_600' title='bbox 849 6026 881 6083; x_wconf 91' lang='lat' dir='ltr'>ct</span> <span class='ocrx_word' id='word_1_601' title='bbox 904 6021 984 6083; x_wconf 89' lang='lat' dir='ltr'>alios</span> <span class='ocrx_word' id='word_1_602' title='bbox 1009 6041 1150 6084; x_wconf 85' lang='lat' dir='ltr'>canones</span> <span class='ocrx_word' id='word_1_603' title='bbox 1176 6042 1213 6084; x_wconf 92' lang='lat' dir='ltr'>ac</span> <span class='ocrx_word' id='word_1_604' title='bbox 1237 6019 1450 6106; x_wconf 87' lang='lat' dir='ltr'>provincialia</span> <span class='ocrx_word' id='word_1_605' title='bbox 1473 6027 1504 6082; x_wconf 90' lang='lat' dir='ltr'>et</span> <span class='ocrx_word' id='word_1_606' title='bbox 1537 6020 1696 6082; x_wconf 91' lang='lat' dir='ltr'>sinodalia</span> <span class='ocrx_word' id='word_1_607' title='bbox 1726 6025 1848 6082; x_wconf 87' lang='lat' dir='ltr'>statuta</span> <span class='ocrx_word' id='word_1_608' title='bbox 1880 6024 1992 6082; x_wconf 90' lang='lat' dir='ltr'>contra</span> <span class='ocrx_word' id='word_1_609' title='bbox 2021 6017 2123 6081; x_wconf 86' lang='lat' dir='ltr'>dictos</span> <span class='ocrx_word' id='word_1_610' title='bbox 2148 6018 2323 6098; x_wconf 85' lang='lat' dir='ltr'>civitatem,</span> <span class='ocrx_word' id='word_1_611' title='bbox 2348 6016 2443 6080; x_wconf 89' lang='lat' dir='ltr'>Corn-</span> 
     </span>
     <span class='ocr_line' id='line_1_52' title="bbox 612 6125 2444 6214; baseline -0.002 -24"><span class='ocrx_word' id='word_1_612' title='bbox 612 6149 718 6209; x_wconf 91' lang='lat' dir='ltr'>mune,</span> <span class='ocrx_word' id='word_1_613' title='bbox 737 6128 992 6192; x_wconf 84' lang='lat' dir='ltr'>Universitatem</span> <span class='ocrx_word' id='word_1_614' title='bbox 1009 6135 1041 6190; x_wconf 89' lang='lat' dir='ltr'>et</span> <span class='ocrx_word' id='word_1_615' title='bbox 1057 6128 1210 6214; x_wconf 91' lang='lat' dir='ltr'>populum</span> <span class='ocrx_word' id='word_1_616' title='bbox 1230 6127 1454 6208; x_wconf 91' lang='lat' dir='ltr'>bononienses,</span> <span class='ocrx_word' id='word_1_617' title='bbox 1472 6149 1509 6190; x_wconf 91' lang='lat' dir='ltr'>ac</span> <span class='ocrx_word' id='word_1_618' title='bbox 1527 6128 1713 6190; x_wconf 88' lang='lat' dir='ltr'>comitatum</span> <span class='ocrx_word' id='word_1_619' title='bbox 1730 6133 1762 6191; x_wconf 90' lang='lat' dir='ltr'>ct</span> <span class='ocrx_word' id='word_1_620' title='bbox 1779 6127 1958 6190; x_wconf 90' lang='lat' dir='ltr'>districtum</span> <span class='ocrx_word' id='word_1_621' title='bbox 1976 6126 2119 6212; x_wconf 89' lang='lat' dir='ltr'>ipsorum</span> <span class='ocrx_word' id='word_1_622' title='bbox 2135 6132 2201 6188; x_wconf 91' lang='lat' dir='ltr'>tarn</span> <span class='ocrx_word' id='word_1_623' title='bbox 2218 6145 2315 6210; x_wconf 89' lang='lat' dir='ltr'>super</span> <span class='ocrx_word' id='word_1_624' title='bbox 2336 6125 2444 6210; x_wconf 81' lang='lat' dir='ltr'>prisa-</span> 
     </span>
     <span class='ocr_line' id='line_1_53' title="bbox 613 6231 2445 6322; baseline -0.003 -23"><span class='ocrx_word' id='word_1_625' title='bbox 613 6237 700 6299; x_wconf 91' lang='lat' dir='ltr'>tione</span> <span class='ocrx_word' id='word_1_626' title='bbox 727 6235 833 6320; x_wconf 87' lang='lat' dir='ltr'>Studij</span> <span class='ocrx_word' id='word_1_627' title='bbox 858 6236 1021 6322; x_wconf 90' lang='lat' dir='ltr'>generalis</span> <span class='ocrx_word' id='word_1_628' title='bbox 1045 6237 1185 6300; x_wconf 84' lang='lat' dir='ltr'>civitatis</span> <span class='ocrx_word' id='word_1_629' title='bbox 1209 6235 1367 6316; x_wconf 90' lang='lat' dir='ltr'>eiusdem,</span> <span class='ocrx_word' id='word_1_630' title='bbox 1393 6235 1599 6320; x_wconf 91' lang='lat' dir='ltr'>omniumque</span> <span class='ocrx_word' id='word_1_631' title='bbox 1623 6235 1886 6320; x_wconf 81' lang='lat' dir='ltr'>privilegiorum,</span> <span class='ocrx_word' id='word_1_632' title='bbox 1911 6233 2186 6318; x_wconf 89' lang='lat' dir='ltr'>indulgentiarum</span> <span class='ocrx_word' id='word_1_633' title='bbox 2210 6238 2242 6296; x_wconf 92' lang='lat' dir='ltr'>ct</span> <span class='ocrx_word' id='word_1_634' title='bbox 2265 6231 2445 6317; x_wconf 90' lang='lat' dir='ltr'>gratiarum</span> 
     </span>
     <span class='ocr_line' id='line_1_54' title="bbox 612 6340 2444 6431; baseline -0.003 -24"><span class='ocrx_word' id='word_1_635' title='bbox 612 6344 864 6429; x_wconf 90' lang='lat' dir='ltr'>apostolicarum</span> <span class='ocrx_word' id='word_1_636' title='bbox 889 6351 920 6408; x_wconf 89' lang='lat' dir='ltr'>et</span> <span class='ocrx_word' id='word_1_637' title='bbox 947 6344 1164 6431; x_wconf 90' lang='lat' dir='ltr'>imperialium</span> <span class='ocrx_word' id='word_1_638' title='bbox 1192 6350 1223 6406; x_wconf 91' lang='lat' dir='ltr'>ct</span> <span class='ocrx_word' id='word_1_639' title='bbox 1248 6343 1289 6405; x_wconf 90' lang='lat' dir='ltr'>ab</span> <span class='ocrx_word' id='word_1_640' title='bbox 1314 6343 1387 6426; x_wconf 90' lang='lat' dir='ltr'>alijs</span> <span class='ocrx_word' id='word_1_641' title='bbox 1412 6342 1666 6427; x_wconf 87' lang='lat' dir='ltr'>quibuscumque</span> <span class='ocrx_word' id='word_1_642' title='bbox 1690 6364 1915 6406; x_wconf 88' lang='lat' dir='ltr'>concessorum</span> <span class='ocrx_word' id='word_1_643' title='bbox 1939 6343 2070 6422; x_wconf 88' lang='lat' dir='ltr'>eisdem,</span> <span class='ocrx_word' id='word_1_644' title='bbox 2088 6361 2185 6427; x_wconf 89' lang='lat' dir='ltr'>quam</span> <span class='ocrx_word' id='word_1_645' title='bbox 2209 6340 2290 6402; x_wconf 88' lang='lat' dir='ltr'>alias</span> <span class='ocrx_word' id='word_1_646' title='bbox 2311 6359 2444 6423; x_wconf 92' lang='lat' dir='ltr'>quomo·</span> 
     </span>
     <span class='ocr_line' id='line_1_55' title="bbox 612 6446 2446 6535; baseline -0.003 -21"><span class='ocrx_word' id='word_1_647' title='bbox 612 6451 735 6516; x_wconf 85' lang='lat' dir='ltr'>delibet</span> <span class='ocrx_word' id='word_1_648' title='bbox 759 6452 927 6516; x_wconf 89' lang='lat' dir='ltr'>occasione</span> <span class='ocrx_word' id='word_1_649' title='bbox 952 6452 1109 6516; x_wconf 88' lang='lat' dir='ltr'>dictorum</span> <span class='ocrx_word' id='word_1_650' title='bbox 1136 6472 1328 6514; x_wconf 88' lang='lat' dir='ltr'>excessuum</span> <span class='ocrx_word' id='word_1_651' title='bbox 1353 6449 1587 6535; x_wconf 89' lang='lat' dir='ltr'>promulgatas,</span> <span class='ocrx_word' id='word_1_652' title='bbox 1605 6450 1798 6513; x_wconf 88' lang='lat' dir='ltr'>auctoritate</span> <span class='ocrx_word' id='word_1_653' title='bbox 1824 6450 1969 6535; x_wconf 89' lang='lat' dir='ltr'>predicta</span> <span class='ocrx_word' id='word_1_654' title='bbox 1993 6449 2122 6514; x_wconf 90' lang='lat' dir='ltr'>omnino</span> <span class='ocrx_word' id='word_1_655' title='bbox 2147 6447 2284 6528; x_wconf 83' lang='lat' dir='ltr'>relaxes,</span> <span class='ocrx_word' id='word_1_656' title='bbox 2300 6446 2396 6510; x_wconf 92' lang='lat' dir='ltr'>tollas</span> <span class='ocrx_word' id='word_1_657' title='bbox 2413 6453 2446 6508; x_wconf 88' lang='lat' dir='ltr'>et</span> 
     </span>
    </p>
   </div>
   <div class='ocr_carea' id='block_1_3' title="bbox 0 0 2753 7748">
    <p class='ocr_par' dir='ltr' id='par_1_4' title="bbox 0 0 2753 7748">
     <span class='ocr_line' id='line_1_56' title="bbox 0 0 2753 7748; baseline 0 0"><span class='ocrx_word' id='word_1_658' title='bbox 0 0 2753 7748; x_wconf 95' lang='lat' dir='ltr'> </span> 
     </span>
    </p>
   </div>
  </div>
 </body>
</html>
