5544 7750
660 607 734 678 292

655 781 800 866 geliciill
817 781 1047 866 suscepissem,
1072 789 1104 844 et
1127 780 1335 845 similitudine
1360 787 1542 844 commenta

655 889 845 952 dictantium
870 888 909 952 de
925 889 1003 971 vita,
1020 888 1162 952 moribus
1178 895 1211 952 et
1226 888 1373 953 doctrina
1389 887 1489 952 Poeta
1502 889 1542 952 (2)

655 997 790 1060 solerter
814 995 975 1082 inquirere
999 995 1148 1060 decrevi.
1164 1045 1172 1059 .
1187 1045 1216 1060 ..
1241 995 1281 1060 Id
1312 1017 1384 1060 cum
1416 1017 1542 1060 mecum

655 1105 821 1190 operosius
845 1104 1014 1187 agitarem,
1039 1125 1102 1189 quo
1127 1103 1234 1168 nescio
1258 1103 1386 1167 afflatus
1410 1103 1541 1189 spiritu,

657 1213 747 1298 cepi,
777 1211 853 1275 dnm
889 1211 987 1274 talem
1022 1219 1211 1296 tantumque
1247 1218 1401 1274 contueor
1435 1217 1542 1274 mente

655 1319 791 1383 Paetum
827 1319 1108 1383 vehementissime
1144 1317 1317 1400 admirari,
1349 1339 1422 1382 cum
1455 1317 1542 1381 viros

655 1426 772 1490 multos
794 1425 879 1490 fame
905 1425 1140 1512 preclarissime
1164 1426 1277 1490 civitas
1294 1445 1366 1489 mea
1382 1424 1541 1509 genuerit,

655 1555 831 1618 numquam
848 1533 1066 1619 comparuisse
1083 1533 1247 1598 concivem
1264 1553 1469 1618 quemquam,
1486 1531 1542 1617 qui

618 1681 623 1690 ·
654 1643 798 1726 egregia,
815 1663 877 1727 qua
895 1661 1035 1726 gessere,
1053 1640 1207 1704 memorie
1223 1639 1419 1704 tradidisset.
1435 1637 1485 1702 Ea
1502 1637 1541 1702 de

654 1770 688 1812 re
713 1749 802 1812 velut
825 1747 1022 1812 contumelia
1046 1755 1143 1828 tactu,
1164 1747 1296 1830 majoris
1320 1745 1541 1831 occupationis

653 1855 738 1941 cepit
763 1877 840 1920 cura
863 1855 1080 1936 subcrescere,
1097 1863 1130 1918 ct
1146 1875 1226 1938 quos
1250 1853 1437 1918 inveneram
1453 1853 1540 1916 cives

653 1985 741 2026 meos
766 1963 890 2026 illustre
916 1961 1036 2047 aliquid
1059 1961 1234 2047 peregisse,
1252 1961 1344 2046 quasi
1361 1982 1417 2046 per
1434 1959 1539 2024 diver-

652 2071 786 2134 ticulum
815 2069 999 2156 ampliandc
1031 2069 1163 2132 materie
1196 2068 1405 2152 digressionis
1436 2067 1539 2130 officio

654 2178 758 2241 labori
782 2199 852 2241 meo
877 2177 1019 2240 conabar
1035 2175 1217 2240 adnectere.
1235 2175 1329 2249 Quod
1346 2174 1422 2238 dum
1438 2175 1539 2238 ferme

652 2286 890 2371 explicuissem,
908 2291 1104 2370 compertum
1128 2283 1228 2346 habui
1251 2283 1381 2368 papiros
1405 2283 1539 2347 metiens

652 2394 835 2456 excrevisse
864 2413 945 2478 opus
977 2391 1104 2476 lougius
1136 2413 1232 2476 quam
1262 2397 1421 2476 putaram.
1446 2389 1539 2453 Veri·

652 2507 767 2585 tusque
789 2521 860 2562 sum
878 2520 927 2582 ne,
945 2499 972 2562 si
989 2498 1174 2584 aliquando,
1191 2506 1227 2561 ut
1243 2498 1430 2582 contingere
1447 2497 1538 2578 solet,

652 2629 732 2693 opus
749 2629 857 2670 meum
871 2607 959 2670 facta
971 2605 1154 2692 proderent,
1169 2605 1392 2670 delicatiorum
1405 2604 1539 2668 auribus

651 2714 849 2800 prolixitatis
874 2714 1039 2777 nimietate
1068 2733 1222 2777 onerosus
1251 2711 1404 2776 efficerer.
1428 2711 1538 2775 Ausus

651 2829 760 2885 tameu
786 2843 849 2886 non
873 2843 962 2885 eram
987 2843 1067 2907 opus
1092 2821 1133 2884 ab
1150 2841 1247 2906 opere
1264 2841 1449 2904 segregare,
1466 2841 1539 2884 cum

651 2937 822 3014 utrumque
847 2929 906 2993 sub
931 2929 1118 2993 confusione
1147 2951 1206 2992 sua
1238 2937 1384 3014 optarem
1414 2949 1538 2991 mecum

651 3039 683 3102 in
709 3039 774 3102 suis
795 3038 937 3101 tenebris
954 3037 1103 3101 latitare.
1119 3087 1170 3102 ...
1190 3038 1253 3102 Sed
1271 3059 1321 3100 me
1338 3058 1357 3099 a
1373 3035 1538 3122 proposito

651 3146 822 3210 clementia
847 3153 902 3208 tua
926 3151 1021 3230 atque
1046 3145 1245 3228 humanitas,
1271 3166 1334 3230 qua
1362 3165 1413 3207 me
1444 3143 1538 3206 unice

652 3253 840 3339 complexus
865 3273 909 3334 es,
934 3251 1176 3316 modestissimis
1201 3251 1464 3338 persuasionibus
1488 3271 1538 3313 re·

649 3361 788 3424 vocavit.
814 3358 1083 3444 Quandoquidem
1108 3380 1304 3444 magnopere
1326 3358 1485 3442 exegeris,
1502 3365 1539 3421 ut

651 3468 898 3554 qualiacumque
916 3467 995 3530 mihi
1011 3466 1051 3530 ad
1069 3469 1256 3530 memoriam
1273 3467 1537 3552 conscripseram,

649 3576 725 3639 iude
751 3583 782 3639 te
806 3575 923 3638 vellem
947 3573 1016 3637 ficri
1041 3574 1241 3660 participem,
1262 3595 1414 3659 moreque
1435 3573 1537 3659 impa-

650 3684 734 3747 tiens
766 3681 1045 3746 desiderasti....
1070 3690 1103 3746 et
1134 3689 1260 3768 tempus
1290 3681 1417 3746 condite
1449 3681 1537 3745 urbis

651 3790 840 3872 Florentie,
865 3789 1023 3874 quibusve
1059 3789 1210 3874 auspiciis
1244 3797 1275 3853 et
1311 3811 1373 3874 quo
1407 3797 1538 3854 auctore

651 3919 732 3984 opus
755 3905 822 3963 tam
846 3896 969 3981 grande
989 3897 1176 3980 surrexerit,
1195 3917 1338 3982 quosque
1355 3897 1452 3960 enixa
1468 3897 1537 3960 iue-

650 4006 691 4070 rit
708 4006 794 4070 viros
811 4006 954 4090 insigues
971 4011 1003 4068 et
1020 4004 1136 4089 quibus
1152 4004 1296 4068 floruerit
1316 4004 1416 4088 gestis
1439 4011 1537 4088 atque

649 4113 859 4198 temporibus.
877 4112 964 4176 Hinc
987 4133 1038 4176 me
1063 4111 1162 4196 cogis,
1180 4118 1215 4174 ut
1232 4133 1294 4196 que
1311 4131 1538 4195 congesseram

649 4221 827 4306 majoribus
852 4221 972 4305 vigiliis
997 4221 1076 4284 meis
1105 4221 1137 4283 in
1169 4219 1359 4305 opusculum
1392 4241 1538 4284 scorsum

649 4328 810 4392 ducerem.
836 4328 927 4391 Fecit
951 4326 1036 4412 quod
1058 4326 1116 4390 tibi
1133 4327 1264 4412 placuit,
1282 4325 1471 4412 duobusque
1488 4347 1538 4390 se·

648 4437 700 4500 cui
724 4435 853 4517 libellis,
871 4435 927 4498 scd
953 4455 994 4498 an
1019 4455 1116 4520 opere
1133 4435 1272 4520 pretium
1293 4435 1421 4519 penitus
1445 4435 1537 4519 igno·

648 4566 774 4610 ro....
799 4543 881 4607 Eam
906 4542 946 4607 ob
971 4564 1103 4607 causam
1127 4543 1174 4606 tui
1200 4541 1425 4627 benignissimi
1455 4543 1537 4626 regii

652 4651 830 4736 sanguinis,
856 4651 951 4714 venia
976 4650 1140 4714 humiliter
1170 4650 1351 4736 postulata,
1380 4651 1536 4714 accersito

648 4758 807 4823 Altissimi
832 4757 1005 4842 adjutorio,
1023 4757 1091 4820 sine
1116 4779 1179 4842 quo
1203 4757 1378 4842 quidquam
1396 4757 1455 4820 rite
1472 4778 1536 4820 non

648 4866 757 4950 agitur
780 4866 813 4928 in
837 4865 1001 4947 humanis,
1027 4864 1201 4949 aggredior
1225 4864 1310 4950 quod
1345 4863 1467 4927 iussisti
1496 4863 1536 4928 de

645 4973 736 5037 urbis
759 4973 925 5038 Florentie
957 4973 1056 5037 initiis
1088 4972 1368 5058 longinquioribus
1396 4973 1537 5058 primum

648 5081 789 5146 ineundo
813 5089 996 5145 tractatum.

711 5189 790 5276 Cap.
808 5189 835 5253 Ι.
856 5189 906 5253 De
923 5189 1132 5252 fluctuatione
1149 5187 1336 5274 opinionum
1353 5187 1439 5250 circa
1455 5194 1536 5250 tem-

648 5319 708 5383 pus
733 5297 821 5360 urbis
846 5296 972 5360 condite
994 5303 1026 5359 et
1043 5316 1143 5381 quare
1160 5294 1351 5380 ignobilium
1368 5294 1536 5358 civitatum

650 5405 842 5486 conditores,
867 5411 900 5468 et
923 5411 1015 5488 gesta
1039 5403 1229 5490 plerumque
1253 5403 1452 5486 ignorentur.

709 5511 788 5597 Cup.
814 5511 859 5575 Il.
884 5511 1032 5586 Quedam
1066 5511 1105 5574 de
1138 5510 1319 5595 antiquiore
1354 5517 1535 5594 temporum

648 5620 821 5684 collatione
844 5619 996 5706 prelatio.

648 5871 808 5936 Petrarcha,
821 5872 868 5923 aed
889 5877 979 5923 tamen
1001 5871 1028 5922 in
1045 5870 1170 5922 omnibus
1184 5870 1242 5920 eiua
1256 5869 1318 5920 libri
1332 5869 1535 5937 exemplaribus

649 5961 798 6013 desiderari
818 5961 958 6028 utriusqus
978 5961 1029 6011 viri
1057 5960 1203 6011 clarissimi
1231 5959 1331 6010 vitam:
1351 5959 1412 6010 ideo
1437 5974 1535 6026 nempe

647 6051 776 6103 omissam
795 6051 867 6120 quod
887 6050 967 6100 nimis
985 6065 1068 6117 parce
1082 6052 1109 6100 et
1124 6049 1234 6100 exiliter
1247 6049 1349 6116 scripta
1361 6047 1468 6100 luisset.
1482 6047 1536 6100 Sed

649 6157 746 6192 revera
764 6141 797 6192 de
817 6140 908 6191 Denta
928 6144 956 6191 et
974 6138 1125 6190 Petrarcha
1138 6138 1247 6206 copiose
1260 6138 1369 6206 scripsit
1383 6137 1534 6203 Villanius3

647 6229 730 6281 immo
744 6246 797 6282 nou
811 6230 886 6281 aliud
900 6229 977 6280 initio
991 6227 1042 6280 sibi
1057 6231 1246 6297 proposuerat,
1258 6245 1339 6297 quam
1354 6232 1383 6280 ut
1396 6229 1429 6280 de
1444 6227 1534 6279 Dante

648 6320 790 6389 Aligherio
810 6319 951 6383 scriberet,
970 6322 1001 6369 ut
1021 6319 1059 6370 ait
1079 6319 1106 6369 iu
1127 6318 1245 6386 epistola
1263 6319 1296 6369 ad
1317 6318 1508 6369 Alenconium.

726 6408 798 6462 cta:
817 6411 855 6463 Le
874 6411 926 6459 rite
944 6408 971 6460 d'
985 6409 1090 6459 uorrrr'ui
1115 6407 1219 6457 illustri
1236 6409 1374 6472 fior-cumn·
1390 6408 1480 6457 serilla
1497 6406 1534 6455 da

645 6498 757 6566 Filippo
781 6498 885 6550 Villam·
908 6498 972 6550 colle
997 6499 1176 6549 arrrrotuziom'
1200 6497 1242 6546 del
1267 6501 1339 6546 route
1366 6496 1533 6546 Gicumur·ia

1413 626 1737 680 mouuuauuosuns

1669 779 1747 866 Cap.
1773 779 1837 844 III.
1862 780 1970 854 Quare
1995 781 2028 844 in
2059 781 2301 846 enumeratione
2334 803 2485 851 annorum

1604 887 1708 973 prime
1740 888 1943 974 secundaque
1973 889 2090 971 etatis,
2123 889 2328 953 translationi
2362 899 2484 976 septua-

1605 995 1707 1080 ginta,
1729 1016 1808 1081 quos
1833 994 1977 1060 Isidorus
2002 996 2157 1081 sequitur,
2175 998 2253 1060 stari
2276 1018 2339 1060 non
2363 997 2484 1065 debeat.

1668 1101 1747 1187 Cap.
1765 1101 1823 1166 lV.
1848 1102 1898 1166 De
1922 1103 2013 1166 fluxu
2032 1123 2190 1166 annorum
2211 1104 2314 1189 prime
2338 1087 2486 1172 secunde·

1606 1230 1668 1294 que
1691 1210 1787 1274 etatis
1811 1209 1988 1274 secundum
2003 1210 2189 1274 hebraicam
2206 1211 2385 1296 veritatem,
2403 1221 2434 1277 et
2449 1215 2484 1280 de

1606 1316 1764 1380 Nemroth
1787 1317 1891 1402 primo
1916 1318 2026 1381 mundi
2050 1325 2199 1403 tyranne.

1668 1423 1748 1510 Cap.
1773 1423 1814 1488 V.
1838 1423 1890 1488 De
1914 1423 1999 1489 Nino
2022 1423 2232 1511 Assyriorum
2256 1447 2333 1512 rege
2357 1433 2390 1492 et
2420 1430 2485 1514 ejus

1604 1552 1707 1596 uxore
1740 1532 1928 1597 Semiramis
1952 1540 1984 1596 et
2007 1532 2192 1597 inductione
2215 1534 2361 1620 primeva
2385 1536 2485 1602 cultus

1604 1637 1773 1703 idolorum.

1667 1745 1746 1833 Cap.
1770 1745 1830 1811 VI.
1856 1746 1950 1822 Quod
1974 1748 2088 1834 gentili
2112 1748 2259 1832 stultitia,
2275 1749 2405 1814 favente
2421 1759 2485 1817 arte

1603 1853 1740 1939 poetica,
1762 1853 1888 1918 llerocs
1911 1860 1948 1918 ut
1969 1854 2107 1919 Urbium
2132 1855 2313 1920 conditores
2335 1879 2395 1943 pro
2419 1857 2485 1924 Diis

1604 1960 1839 2025 immortalibus
1863 1961 2019 2026 celebrati
2042 1962 2116 2027 sint.

1666 2068 1745 2153 (lap.
1773 2067 1847 2132 VII.
1872 2068 1922 2132 De
1946 2076 2090 2155 tempore
2118 2091 2182 2156 quo
2213 2071 2321 2136 floruit
2352 2094 2485 2158 maguus

1603 2175 1742 2240 Athalas
1766 2197 1825 2240 rex
1848 2175 1989 2240 Arcadia
2014 2184 2046 2240 et
2068 2185 2160 2262 pater
2183 2177 2323 2244 Electra.

1666 2283 1745 2370 Cap.
1763 2282 1859 2349 VIII.
1876 2283 1926 2348 De
1944 2284 2023 2370 suga
2042 2285 2186 2349 Atlantis
2210 2286 2243 2350 in
2266 2295 2408 2352 montem
2432 2310 2485 2374 po·

1603 2399 1673 2456 stea
1696 2391 1746 2454 sui
1769 2391 1927 2473 nominis,
1950 2392 2006 2455 ubi
2034 2392 2236 2477 excogitasse
2260 2397 2487 2460 astronomiam

1604 2498 1701 2564 Greci
1723 2499 1832 2585 inepte
1857 2498 2061 2582 fabulantur,
2087 2507 2119 2563 et
2142 2499 2182 2564 de
2210 2501 2352 2566 adventu
2375 2502 2487 2566 Athali

1602 2607 1635 2672 iu
1660 2607 1801 2672 Italiam.

1666 2714 1744 2800 Cap.
1761 2713 1829 2796 lx„
1845 2713 1895 2778 De
1919 2721 2063 2800 tempore
2088 2737 2151 2802 quo
2168 2737 2225 2802 per
2240 2715 2398 2781 Athalum
2415 2716 2487 2782 Ele·

1602 2829 1670 2886 ctre
1693 2823 1798 2885 virum
1822 2821 1940 2885 Fesule
1964 2821 2090 2886 condite
2115 2828 2200 2906 sunt,
2217 2829 2250 2888 ct
2271 2845 2328 2886 cur
2343 2823 2389 2888 sic
2406 2823 2488 2888 dicte

1603 2929 1733 2992 fuerint.
2343 2996 2348 3004 ,

1665 3035 1743 3122 (lap.
1768 3035 1809 3098 X.
1836 3035 1885 3099 De
1909 3034 2111 3100 edificatione
2135 3035 2276 3100 civitatis
2295 3035 2417 3122 Janue,
2434 3039 2488 3102 Ja-

1602 3142 1702 3206 niculi
1724 3149 1756 3206 ct
1782 3142 1909 3206 Sacello
1934 3142 2071 3207 Cumani
2094 3141 2266 3228 Apollinis.

1665 3251 1744 3336 Cap.
1758 3251 1819 3314 XI.
1832 3249 1882 3314 De
1899 3250 2102 3316 edificatione
2118 3251 2258 3316 civitatis
2277 3252 2414 3336 Ocrithi,
2427 3276 2487 3340 que

1601 3359 1698 3422 hodic
1723 3357 1888 3423 (lornitum
1914 3358 2041 3442 dicitur,
2066 3359 2153 3423 faeta
2177 3381 2235 3446 pcr
2258 3359 2429 3425 Athalum.

1664 3465 1743 3552 Cap.
1768 3465 1849 3529 XII.
1872 3465 1923 3530 De
1948 3465 2090 3529 adventu
2113 3467 2203 3531 Ense
2228 3467 2260 3530 in
2285 3467 2437 3552 Italiam,
2460 3475 2491 3534 et

1601 3595 1824 3638 successorum
1846 3595 1977 3638 suorum
2000 3595 2153 3660 processu
2176 3595 2278 3660 usque
2301 3575 2343 3639 ad
2366 3575 2490 3640 Romu·

1600 3681 1668 3746 lum
1692 3681 1781 3745 urbis
1805 3682 2014 3764 conditorem,
2031 3687 2063 3745 ct
2082 3703 2139 3746 cur
2156 3682 2195 3746 de
2213 3683 2337 3769 origine
2354 3683 2491 3748 Fesula·

1601 3811 1673 3854 rum
1697 3797 1729 3852 et
1753 3788 1877 3853 Corithi
1901 3796 2027 3853 veteres
2052 3789 2195 3854 historici
2218 3791 2391 3855 tacuerint.

1664 3896 1742 3982 Cap.
1761 3894 1858 3960 XIII.
1875 3896 2086 3982 Epithomata
2110 3898 2249 3982 quedam
2266 3897 2305 3961 de
2322 3897 2415 3964 urbis
2432 3899 2491 3962 ini-

1601 4005 1654 4068 tiis
1678 4012 1710 4068 ct
1734 4026 1888 4090 processu
1912 4026 2013 4090 usque
2037 4004 2078 4068 ad
2102 4004 2239 4070 Lucium
2255 4005 2443 4088 Catilinam,
2460 4013 2491 4072 et

1601 4132 1659 4177 cur
1682 4111 1863 4176 Florentini
1887 4112 1921 4176 in
1945 4113 2054 4176 multis
2079 4133 2229 4178 romanos
2252 4113 2432 4178 imitentur.

1665 4219 1744 4305 Cap.
1757 4219 1850 4284 XIV.
1864 4219 1914 4282 De
1931 4221 2154 4304 conjuratione
2171 4220 2321 4303 Catiline,
2338 4223 2489 4286 conflictu

1601 4329 1672 4412 ejus
1697 4334 1729 4390 et
1753 4326 1955 4390 edificatione
1979 4327 2119 4392 civitatis
2141 4327 2283 4392 Pistorii.

1664 4433 1743 4520 Cap.
1768 4433 1842 4498 XV.
1867 4434 1918 4499 De
1946 4433 2112 4498 obsidione
2142 4434 2334 4500 chularum
2359 4444 2394 4501 et
2418 4437 2492 4502 Flo·

1601 4541 1705 4605 rentio
1725 4563 1782 4605 seu
1807 4541 1957 4625 Floreno,
1974 4543 2030 4628 qui
2049 4541 2133 4606 dicte
2157 4541 2318 4608 obsidioni
2342 4565 2419 4608 cnm
2441 4565 2491 4608 ro·

1601 4649 1705 4712 manis
1728 4649 1885 4714 interfuit.

1665 4756 1744 4842 Cap.
1761 4755 1854 4820 XVI.
1879 4755 1929 4822 De
1954 4763 2056 4821 morte
2080 4755 2211 4821 Florcni
2240 4779 2297 4822 seu
2320 4757 2492 4842 Florentii,

1599 4865 1807 4929 demolitione
1838 4864 2032 4929 chularum
2062 4873 2095 4930 et
2122 4865 2324 4932 edificatione
2349 4867 2493 4932 civitatis

1599 4973 1775 5038 Florentie.

1664 5081 1743 5166 Cap.
1756 5079 1868 5144 XVII.
1882 5080 1950 5145 Sub
1967 5101 2030 5166 quo
2047 5087 2135 5146 statu
2150 5081 2222 5164 celi,
2240 5102 2345 5167 quove
2362 5082 2493 5169 sydera,

1601 5187 1812 5251 fundamenta
1836 5187 1976 5251 civitatis
1999 5187 2164 5252 Florentie
2189 5188 2276 5253 facta
2300 5189 2436 5254 luerint.

1663 5294 1742 5380 Cap.
1759 5293 1889 5358 XVIII.
1908 5293 1974 5359 Cur
1997 5317 2079 5359 nove
2103 5297 2227 5360 civitati
2251 5295 2337 5360 edite
2355 5319 2418 5383 per
2435 5295 2494 5362 Cc·

1600 5423 1717 5485 sarem,
1745 5423 1861 5466 nomen
1885 5401 2051 5467 Florentie
2074 5401 2211 5466 inditum
2235 5405 2286 5468 sit.

1663 5509 1741 5594 Cap.
1758 5509 1852 5574 XIX.
1870 5509 2089 5584 Quamobrem
2112 5509 2231 5575 Fesule
2252 5512 2371 5576 iterum
2388 5512 2495 5578 reedi-

1526 5629 1531 5638 '
1598 5616 1693 5681 ficate
1717 5617 1837 5681 suerint
1861 5625 1893 5680 et
1916 5616 2033 5680 iterum
2056 5617 2173 5682 delete.

1601 5869 1796 5920 Mazzurcbclli
1814 5870 1846 5920 ed
1865 5885 1921 5920 rarae
1938 5884 2054 5920 monaca
2068 5869 2170 5920 irredita
2183 5885 2230 5920 con
2244 5869 2439 5922 attuaraziom·
2450 5869 2494 5921 del

1599 5973 1655 6009 cor.
1675 5957 1826 6009 Fruuceaco
1846 5958 1986 6010 Glrerardi
2004 5957 2196 6024 Drapomauni
2213 5961 2298 6024 (tomo
2315 5959 2402 6010 unico
2419 5987 2431 5998 ·
2451 5959 2495 6010 Fi·

1598 6063 1689 6111 reuze,
1704 6046 1825 6100 Samene
1839 6046 1923 6114 (loen,
1942 6049 1991 6116 tip.
2007 6048 2120 6112 editore,
2136 6050 2220 6113 1847)
2234 6048 2275 6100 in:
2296 6047 2453 6100 Callezr'oae
2464 6048 2495 6098 di

1599 6136 1698 6188 Storr'ci
1716 6153 1729 6187 e
1748 6136 1869 6188 Crom'ats'
1885 6138 1999 6189 italiam'
2016 6138 2082 6188 editi
2099 6138 2132 6188 ed
2150 6137 2255 6202 inedt'tr',
2273 6141 2349 6188 tomo
2370 6137 2439 6190 Vn.
2461 6168 2494 6176 —

1599 6227 1656 6279 cn.
1675 6244 1738 6296 pag.
1758 6229 1851 6292 24-27,
1871 6231 1920 6292 29,
1941 6231 2038 6292 31·39,
2058 6229 2108 6292 42,
2127 6229 2229 6292 56-57,
2249 6230 2297 6292 4³,
2317 6231 2424 6294 4549,
2443 6231 2494 6292 51,

1599 6320 1643 6384 52,
1663 6320 1706 6368 54.

1678 6408 1718 6473 (l)
1739 6405 1837 6459 Daritis
1857 6405 2030 6458 Comoediam
2051 6407 2189 6475 iutelligit.

1678 6498 1718 6562 (2)
1740 6495 1847 6547 Dentis.
