5544 7750
1088 656 1278 708 APPENDIX
1304 657 1458 708 ALTERA

421 809 499 895 Cap.
516 809 592 872 XX.
616 808 667 874 De
690 809 832 873 adventu
856 809 1046 895 Radalgasii
1070 810 1242 896 gothorum
1296 879 1300 890 ,

357 918 444 1002 regis
468 919 500 981 in
524 918 665 1000 Italiam,
682 925 714 982 et
737 918 896 1003 quomodo
920 925 1090 1004 superatus
1111 925 1143 981 et
1159 939 1241 981 mor·

358 1032 432 1088 tuus
453 1033 511 1108 est,
529 1027 647 1110 atejus
664 1025 908 1090 innumerabilis
925 1026 1086 1090 exercit-us
1102 1025 1135 1088 in
1150 1045 1241 1090 mon·

357 1134 443 1198 tibus
466 1134 622 1198 fesulanis
647 1133 732 1198 lame
756 1134 917 1197 extinctus
940 1140 998 1197 est.

338 1271 343 1279 ·
421 1240 499 1327 Cap.
516 1240 610 1304 XXI.
628 1240 678 1304 De
702 1241 800 1326 longa
824 1240 990 1306 obsidione
1011 1239 1150 1304 civitatis
1166 1241 1241 1306 Flo-

357 1349 460 1413 rentie
483 1348 570 1413 facta
594 1369 652 1434 per
675 1347 837 1431 Athilam,
862 1356 895 1412 et
918 1348 988 1434 ejus
1012 1347 1239 1413 destructione.

418 1511 504 1575 11(ῗο0
527 1513 634 1595 incipit
657 1513 755 1596 operia
772 1513 954 1595 prosecutio,

419 1617 490 1682 Post
513 1620 662 1704 epilepsim
685 1620 880 1702 superiorum
896 1619 938 1682 od
952 1619 1016 1682 ulie
1025 1640 1155 1704 perpere
1164 1641 1239 1704 prc-

349 1728 449 1812 pontt.

419 1888 497 1974 Cap.
521 1886 633 1951 XXII.
659 1886 842 1952 Cumulatio
867 1887 1004 1972 quedam
1029 1887 1241 1973 quorumdam

356 1994 581 2058 historicorum
605 1994 766 2080 gallorum
789 1994 829 2058 de
854 1995 978 2080 origine
1002 2016 1116 2080 regum
1137 1994 1240 2058 Fran·

358 2124 469 2167 corum
492 2125 549 2188 per
572 2103 775 2168 Franeonem
797 2103 954 2167 Hethoris
977 2103 1089 2167 filium.

418 2211 497 2296 Cap.
521 2210 651 2274 XXIII.
676 2211 727 2276 De
751 2211 876 2296 origine
906 2219 938 2275 et
968 2211 1160 2296 genealogia
1190 2231 1240 2274 re·

357 2339 435 2404 gum
455 2318 654 2382 Francorum
671 2339 729 2403 per
744 2318 911 2382 Priamum
927 2318 1041 2382 ducem
1059 2317 1240 2382 Sicambro-

356 2446 437 2488 rum.
454 2424 504 2488 De
529 2425 628 2511 stirpe
651 2424 830 2488 Franeonis
853 2424 1009 2489 Hethoris
1032 2426 1100 2508 lilii,
1118 2447 1159 2489 ex
1176 2445 1239 2511 quo

356 2530 502 2614 Carolus,
527 2533 580 2618 qui
604 2532 717 2596 urbem
741 2532 941 2596 Florentiam
963 2533 1172 2599 reedificavit.

417 2695 466 2758 De
488 2695 618 2779 sinprdis
640 2694 762 2780 rapidus
784 2695 857 2780 epit.

415 2856 560 2920 Ioannes
577 2855 641 2938 Il.,
659 2854 802 2942 Philippi
825 2855 921 2940 filius,
941 2877 1087 2941 regnum,
1111 2864 1238 2922 mortuo

355 2970 457 3049 patre,
475 2963 606 3049 recepit,
624 2963 657 3026 in
681 2984 744 3048 quo
768 2984 826 3049 per
842 2985 944 3028 annos
960 2963 1075 3046 XIII,
1093 2985 1172 3050 quos
1188 2986 1238 3028 re-

353 3071 476 3156 gnarit,
500 3093 572 3134 cum
596 3092 674 3156 rege
700 3071 874 3136 Odovardo
899 3093 974 3156 sepe
999 3072 1133 3136 bellavit
1156 3081 1207 3138 etc.

415 3179 550 3242 Carolus
574 3178 651 3243 VII.
677 3185 908 3265 postmortem
932 3179 1069 3244 Joannis
1092 3179 1165 3244 XV.
1187 3203 1237 3244 re·

354 3287 466 3372 guerit
490 3295 541 3350 etc.

415 3393 550 3458 Carolus
565 3393 662 3456 VIII.
677 3393 806 3478 juvenis
829 3394 934 3459 adhuc
954 3402 985 3458 et
1005 3394 1122 3459 indolis
1145 3416 1237 3481 egre·

352 3502 405 3586 gie
429 3511 525 3586 atque
546 3502 720 3585 animosus,
733 3502 785 3565 vel
801 3501 841 3566 de
858 3523 942 3566 anno
960 3504 1054 3566 etatis
1070 3525 1127 3567 sue
1144 3503 1237 3568 XIV.

354 3630 419 3673 non
449 3609 592 3695 impleto,
617 3617 789 3673 coronatus
820 3615 886 3692 est,
911 3617 943 3674 et
963 3611 1033 3695 jam
1056 3632 1114 3696 per
1137 3625 1239 3675 annos

354 3715 480 3780 circiter
502 3716 576 3780 XV.
602 3737 702 3802 regno
725 3715 863 3802 profuit3
881 3718 973 3801 cujus
996 3718 1075 3800 vita,
1095 3739 1181 3782 mors
1204 3725 1238 3784 et

351 3831 444 3908 gesta
467 3825 633 3888 honestius
657 3824 728 3907 erit,
746 3831 917 3909 postquam
933 3824 1002 3888 lata
1018 3846 1076 3888 sua
1096 3826 1236 3912 comple·

351 3931 444 4012 uerit,
467 3931 669 4016 pertractari.

414 4037 493 4123 Cap.
517 4036 643 4102 XXIV.
668 4036 748 4112 Quis
779 4038 868 4123 prior
898 4038 992 4123 signa
1015 4038 1149 4122 bellica,
1174 4061 1237 4125 que

351 4145 470 4230 vulgus
493 4167 583 4208 arma
607 4151 712 4228 vocat,
729 4145 899 4228 invenerit,
917 4153 949 4210 et
965 4167 1022 4210 cur
1045 4146 1114 4210 lilia
1136 4168 1237 4212 aurea

354 4252 448 4337 signa
470 4254 534 4316 siut
557 4274 671 4338 regum
693 4252 904 4317 Francorum.

413 4359 492 4445 Cap.
509 4358 616 4423 XXV.
634 4358 834 4422 Testimonia
854 4359 992 4444 quedam
1008 4360 1125 4426 Dentis
1141 4367 1235 4447 poete

350 4467 390 4532 de
414 4466 620 4531 demolitione
644 4465 783 4530 civitatis
807 4466 1010 4532 Fesularum.

412 4573 490 4660 Cap.
514 4572 640 4638 XXVI.
664 4573 714 4637 De
738 4574 852 4638 ultima
880 4575 1020 4639 civitatis
1043 4575 1236 4640 Pesularum

348 4680 559 4767 depositione.

412 4789 492 4875 Cap.
515 4788 660 4853 XXVII.
686 4788 874 4874 Digressio,
899 4811 963 4875 qua
986 4790 1095 4875 agitur
1118 4791 1157 4856 de
1179 4812 1235 4856 na·

348 4902 422 4960 tura
438 4904 470 4960 et
486 4896 628 4960 moribus
645 4903 784 4981 quotour
800 4896 968 4961 civitatum
984 4896 1141 4962 Thuscie:
1158 4899 1234 4963 Flo·

349 5003 462 5085 rentia,
486 5003 647 5086 Pisarum,
671 5003 798 5068 Perusii
822 5009 854 5067 et
879 5003 1047 5068 Seuerum.

348 5325 493 5412 Philippi
530 5325 654 5389 Villani
695 5325 839 5390 Solitarii
872 5325 922 5390 De
954 5329 1072 5412 oripine
1105 5329 1234 5392 civitatis

411 5433 571 5497 Florentia
594 5440 626 5497 et
650 5433 689 5496 de
714 5433 859 5516 ejusdem
883 5433 1015 5498 famosis
1039 5435 1163 5499 civibus
1191 5435 1233 5499 ad

410 5540 568 5604 illustrem
592 5540 756 5604 dominum
780 5540 966 5627 Philippum
985 5541 1024 5605 (10
1041 5541 1232 5626 Α10000010,

410 5648 597 5733 episcopum
620 5648 803 5731 ostiensem,
821 5669 953 5712 romane
981 5648 1126 5714 Ecclesia
1155 5649 1233 5714 Car-

410 5753 568 5837 dinalem,
593 5754 675 5818 liber
704 5756 825 5840 primus
856 5755 994 5820 feliciter
1025 5757 1176 5843 explicit,
1200 5764 1234 5822 et

410 5861 569 5925 secundus
600 5861 640 5925 de
672 5861 852 5926 illustribus
881 5863 1059 5928 florentinis
1094 5864 1233 5930 feliciter

409 5969 531 6055 incipit.

693 6148 890 6215 Proemium.

409 6291 588 6377 Postquam
619 6291 710 6356 brevi
740 6313 838 6356 manu
861 6292 946 6358 libro
969 6295 1135 6380 superiore
1158 6317 1231 6382 per·

348 6398 465 6462 strinxi
495 6420 557 6485 que
588 6398 628 6463 de
659 6400 799 6465 civitatis
827 6401 991 6467 Florentia
1020 6403 1119 6467 initiis
1141 6403 1232 6489 potui

347 6503 492 6570 invenire
515 6514 567 6572 etc.

2109 637 2185 708 293

1368 810 1446 897 Cap.
1464 811 1491 875 I.
1516 811 1566 875 De
1590 812 1657 876 vita
1681 818 1713 875 ct
1736 812 1878 876 moribus
1895 811 2066 875 Claudiani
2082 819 2186 897 poete,

1304 925 1336 982 et
1360 940 1423 1003 quo
1447 925 1590 1004 tempore
1614 919 1768 984 floruerit.

1367 1026 1445 1112 Cap.
1471 1025 1516 1090 II.
1540 1027 1590 1091 De
1623 1027 1690 1091 vita
1720 1033 1753 1091 et
1783 1027 1924 1090 moribus
1953 1026 2071 1090 Dentis
2093 1034 2187 1113 poete

1304 1135 1417 1198 comici
1440 1134 1586 1218 insignis.

1367 1243 1445 1327 Cap.
1462 1240 1526 1305 III.
1551 1240 1601 1305 De
1625 1242 1692 1306 vita
1715 1249 1747 1306 et
1771 1243 1913 1306 moribus
1936 1242 2103 1306 Francisci
2125 1242 2187 1306 Pe·

1304 1357 1419 1431 trarce,
1443 1355 1537 1434 poete
1561 1349 1708 1413 laureati.

1367 1455 1446 1541 Cap.
1470 1455 1529 1519 IV.
1554 1455 1604 1520 De
1641 1457 1709 1520 vita
1744 1463 1777 1520 et
1808 1457 1950 1521 moribus
1985 1458 2120 1522 Zenobii
2147 1459 2187 1523 de

1307 1562 1426 1645 Strata,
1450 1571 1545 1648 poete
1570 1564 1719 1646 laureati,
1743 1571 1776 1628 et
1798 1565 1869 1648 ejus
1893 1564 2010 1630 indole.

1366 1669 1445 1755 Cap.
1470 1670 1509 1734 V.
1535 1671 1585 1735 De
1608 1671 1736 1735 Ioanne
1759 1671 1917 1736 Boceecio
1941 1681 2037 1757 poeta
2060 1682 2111 1738 etc.

1366 1776 1445 1863 Cap.
1469 1777 1528 1840 VI.
1553 1777 1603 1842 De
1628 1778 1760 1843 Colueio
1783 1778 1903 1864 Pyerio
1927 1787 2023 1865 poeta
2047 1788 2098 1846 etc.

1366 1883 1444 1970 Cap.
1469 1883 1546 1948 Vll.
1571 1884 1621 1949 De
1652 1885 1797 1950 Roberto
1820 1886 1963 1970 eleganti
1986 1896 2017 1950 et
2040 1888 2187 1973 preclaro

1303 1991 1456 2076 theologo
1479 2013 1537 2057 suo
1561 1999 1704 2078 tempore
1729 1993 1922 2058 cancellario
1944 1995 2089 2059 Parisiis.

1366 2097 1445 2184 Cap.
1461 2097 1557 2164 VIII.
1581 2100 1631 2164 De
1655 2099 1828 2186 Cypriane.
1852 2101 1902 2166 De
1923 2102 2083 2188 primariis
2100 2102 2185 2188 glos·

1304 2205 1464 2270 actoribus
1486 2206 1569 2289 juris
1591 2207 1706 2289 civilis,
1730 2215 1781 2272 etc.

1367 2420 1446 2507 Cap.
1471 2421 1531 2484 IX.
1555 2421 1605 2485 De
1629 2422 1796 2486 Accursio.

1378 2585 1429 2648 De
1453 2585 1609 2649 Aeeursio
1633 2587 1812 2671 glossatore
1836 2593 1868 2650 et
1890 2586 2108 2651 illuminatore

1634 2694 1717 2777 juris
1741 2693 1854 2757 civilis.

1366 2853 1447 2917 Cum
1470 2861 1543 2940 0001
1566 2855 1764 2941 Cypriauum
1787 2856 2046 2942 antiquissimum
2061 2857 2184 2941 glossa·

1303 2968 1405 3024 torem
1426 2962 1509 3045 juris
1532 2962 1636 3026 civilis
1659 2963 1762 3045 multi,
1779 2963 1872 3027 lactis
1889 2985 1947 3049 per
1963 2985 2036 3028 eum
2053 2963 2184 3048 semitis,

1301 3067 1461 3132 discendis
1485 3069 1612 3154 legibus
1645 3091 1777 3156 operam
1807 3071 2038 3157 prestitisseut,
2063 3079 2095 3136 et
2127 3093 2185 3158 per

1300 3175 1386 3238 idem
1417 3177 1562 3240 seculum
1592 3184 1664 3262 post
1698 3178 1923 3242 Placentinum
1959 3189 2185 3244 concurrerent

1300 3282 1465 3368 Bulgarus
1489 3290 1521 3347 et
1544 3283 1703 3348 Martinus
1727 3285 1830 3368 Geso,
1855 3286 1910 3371 qui
1933 3285 2081 3350 Foderici
2103 3287 2184 3351 Bar·

1301 3391 1433 3454 barosse
1468 3392 1671 3477 imperatoris
1706 3393 1904 3478 temporibus
1932 3393 2015 3477 juris
2046 3395 2185 3458 consulti

1302 3498 1551 3583 prestantissimi
1573 3499 1675 3562 habiti
1700 3499 1804 3582 luere,
1829 3500 1926 3585 hique
1950 3502 1983 3564 in
2006 3501 2115 3586 legum
2138 3502 2184 3566 in·

1295 3605 1428 3670 tellecta
1451 3607 1533 3670 sicut
1556 3613 1589 3670 et
1603 3606 1645 3670 'iu
1668 3608 1810 3671 moribus
1834 3608 2007 3694 plurimum
2024 3608 2184 3696 discrepa-

1300 3720 1381 3795 rent,
1406 3720 1510 3777 sectas
1534 3713 1639 3778 fecere
1664 3714 1823 3798 diversas3
1848 3724 1881 3780 et
1907 3716 1962 3801 qui
1985 3717 2085 3781 secuti
2110 3724 2184 3781 sunt

1300 3819 1481 3906 Bulgarum
1505 3822 1537 3884 in
1562 3821 1766 3907 opinionibus
1789 3823 1866 3905 suis,
1887 3824 2064 3909 bulgariste
2086 3825 2184 3910 vulgo

1301 3927 1377 3993 dicti
1408 3936 1500 4010 eunt,
1525 3929 1580 4015 qui
1610 3951 1687 3994 aero
1719 3929 1912 4014 Martinam,
1936 3932 2072 4016 goslani.
2104 3933 2184 3997 Post

1301 4057 1381 4121 quos
1404 4057 1446 4100 ex
1465 4057 1576 4100 eorum
1593 4038 1793 4102 auditoribus
1809 4038 1987 4122 Iohannes,
2003 4040 2099 4105 homo
2117 4061 2183 4104 om·

1301 4143 1390 4206 nium
1407 4144 1657 4229 interpretandis
1673 4145 1800 4230 legibus
1816 4146 2030 4230 acutissimus,
2054 4154 2086 4210 et
2112 4147 2183 4212 Ano

1300 4251 1432 4315 scientie
1456 4273 1573 4336 magne
1598 4252 1738 4335 suerunt,
1760 4253 1879 4338 aliique
1903 4254 2094 4340 complures.
2120 4255 2185 4320 Sed

1300 4379 1373 4423 cum
1397 4379 1507 4422 omues
1530 4359 1563 4422 in
1586 4360 1665 4423 lucis
1690 4360 1799 4424 multis
1819 4381 1916 4447 super
1931 4360 2041 4446 legum
2058 4362 2184 4429 intelle·

1299 4471 1353 4530 otu
1375 4465 1468 4528 ranis
1492 4466 1695 4551 opinionibus
1720 4489 1778 4552 per
1800 4469 1903 4531 multa
1925 4467 2184 4538 discordantibus

1296 4573 1373 4657 jura
1395 4572 1504 4636 civilia
1527 4575 1763 4659 exposuissent,
1781 4596 1917 4660 eumque
1940 4583 2112 4662 propterea
2136 4577 2183 4663 ip·

1299 4703 1370 4744 sum
1391 4682 1445 4764 jus
1469 4682 1529 4745 sub
1551 4682 1654 4746 multa
1679 4683 1890 4768 ambiguitate
1914 4685 2085 4770 caligaret,
2110 4685 2182 4768 Dei,

1298 4794 1334 4852 01
1365 4795 1460 4874 0010,
1486 4789 1674 4873 clementia,
1699 4790 1821 4854 lactum
1855 4797 1904 4854 est
1938 4799 1973 4855 01
2005 4793 2183 4857 tenebrosis

1298 4896 1405 4960 adhuc
1425 4897 1553 4980 juribus
1577 4897 1729 4984 splendor
1753 4897 1879 4962 debitus
1903 4898 2101 4982 redderetur,
2122 4901 2184 4966 hoc

1298 5010 1347 5068 est
1363 5011 1398 5066 ut
1415 5025 1526 5067 eorum
1548 5005 1747 5068 illuminator
1762 5006 1937 5069 Accursiue
1954 5007 2101 5071 01110101.
2119 5007 2184 5072 Η10

1297 5111 1337 5176 (10
1358 5113 1447 5196 justo
1471 5119 1561 5178 ortus
1585 5119 1635 5176 est
1658 5112 1790 5194 semine,
1811 5111 1953 5177 rnoribus
1977 5120 2085 5177 tamen
2109 5135 2182 5200 pro-

1296 5219 1470 5305 pemodum
1493 5219 1581 5284 civili
1597 5226 1629 5282 et
1645 5219 1783 5283 delicato
1800 5218 1833 5282 in
1849 5219 1927 5283 villa
1942 5205 2103 5304 Balneoli,
2121 5243 2183 5306 que

1296 5326 1427 5412 publica
1449 5327 1665 5390 intersecante
1689 5326 1742 5389 via
1766 5348 1808 5390 ex
1832 5327 1979 5412 00000110
1994 5327 2185 5394 Monteboni

1296 5439 1492 5519 prospectat,
1506 5439 1538 5496 et
1553 5455 1572 5496 a
1589 5433 1688 5519 plaga
1706 5432 1908 5498 meridionali
1924 5454 1943 5498 a
1961 5435 2091 5499 civitate
2108 5436 2183 5501 Flo-

1297 5541 1399 5605 rentio
1422 5562 1481 5626 per
1504 5548 1655 5625 quartum
1679 5540 1732 5605 vel
1755 5541 1881 5606 circiter
1909 5541 2051 5628 lapidem
2074 5543 2183 5608 dietat.

1296 5648 1362 5713 Ubi
1386 5648 1502 5730 adhue,
1529 5648 1642 5734 paucis
1670 5647 1813 5713 decursis
1836 5649 1940 5732 annis,
1965 5650 2078 5715 domus
2102 5657 2182 5735 erat,

1296 5778 1359 5844 que
1375 5757 1575 5842 negligentia
1591 5762 1623 5820 et
1643 5756 1883 5821 inaccuratione
1899 5759 2098 5844 posteritatis
2114 5781 2183 5844 sue,

1296 5865 1388 5949 cujus
1402 5864 1508 5928 adhuc
1522 5863 1683 5950 ignobiles
1696 5863 1841 5950 plerique
1855 5873 2037 5950 supersunt,
2051 5867 2181 5949 corruit,

1296 5994 1359 6058 que
1381 5971 1480 6057 vulgo
1505 5971 1646 6035 studium
1668 5971 1818 6037 Accursii
1834 5974 2091 6059 nuncupabatur,
2109 5997 2182 6060 010-

1296 6088 1408 6166 010100
1431 6078 1517 6164 quod
1541 6079 1585 6142 ibi
1609 6079 1664 6142 diu
1689 6079 1867 6144 solitariam
1883 6081 2063 6166 perducens
2081 6082 2184 6146 vitam

1296 6187 1550 6253 commentandis
1574 6188 1702 6274 legibus
1725 6188 1874 6252 civilibus
1897 6189 2093 6274 invigilaret.
2117 6191 2183 6256 Hic

1295 6301 1467 6382 postquam
1487 6295 1605 6359 artium
1621 6295 1780 6382 principia
1796 6295 1980 6360 liberalium
1997 6297 2182 6383 plenissime

1296 6403 1515 6488 cognovisset,
1540 6404 1704 6489 extemplo
1729 6426 1802 6469 eum
1825 6413 1910 6470 esset
1934 6428 2082 6470 emensus
2105 6427 2182 6493 pue-

1294 6511 1402 6575 ritiam
1426 6510 1578 6575 discendo
1599 6511 1673 6594 jure
1695 6512 1782 6576 civili
1798 6535 1855 6599 per
1872 6513 1939 6578 dies
1957 6521 2053 6599 atque
2071 6523 2182 6578 noctes
