<?xml version="1.0" encoding="UTF-8"?>
<!DOCTYPE html PUBLIC "-//W3C//DTD XHTML 1.0 Transitional//EN"
    "http://www.w3.org/TR/xhtml1/DTD/xhtml1-transitional.dtd">
<html xmlns="http://www.w3.org/1999/xhtml" xml:lang="en" lang="en">
 <head>
  <title>
</title>
<meta http-equiv="Content-Type" content="text/html;charset=utf-8" />
  <meta name='ocr-system' content='tesseract 3.04.00' />
  <meta name='ocr-capabilities' content='ocr_page ocr_carea ocr_par ocr_line ocrx_word'/>
</head>
<body>
  <div class='ocr_page' id='page_1' title='image "./declarisarchigy00albigoog_0362.png"; bbox 0 0 5544 7750; ppageno 0'>
   <div class='ocr_carea' id='block_1_1' title="bbox 613 639 1685 710">
    <p class='ocr_par' dir='ltr' id='par_1_1' title="bbox 613 639 1685 710">
     <span class='ocr_line' id='line_1_1' title="bbox 613 639 1685 710; baseline -0.002 -2"><span class='ocrx_word' id='word_1_1' title='bbox 613 639 688 710; x_wconf 83' lang='lat'>352</span> <span class='ocrx_word' id='word_1_2' title='bbox 1361 659 1475 708; x_wconf 77' lang='lat' dir='ltr'>vrrsn</span> <span class='ocrx_word' id='word_1_3' title='bbox 1503 658 1685 707; x_wconf 75' lang='lat' dir='ltr'>insumus</span> 
     </span>
    </p>
   </div>
   <div class='ocr_carea' id='block_1_2' title="bbox 530 813 2431 2796">
    <p class='ocr_par' dir='ltr' id='par_1_2' title="bbox 609 813 2431 2038">
     <span class='ocr_line' id='line_1_2' title="bbox 610 813 2429 915; baseline -0.002 -25"><span class='ocrx_word' id='word_1_4' title='bbox 610 819 739 915; x_wconf 87' lang='lat' dir='ltr'>guidus</span> <span class='ocrx_word' id='word_1_5' title='bbox 767 841 860 890; x_wconf 90' lang='lat' dir='ltr'>auno</span> <span class='ocrx_word' id='word_1_6' title='bbox 889 814 1180 889; x_wconf 76' lang='lat' dir='ltr'>MOCCXLVII.</span> <span class='ocrx_word' id='word_1_7' title='bbox 1211 815 1355 888; x_wconf 92' lang='lat' dir='ltr'>obiisset</span> <span class='ocrx_word' id='word_1_8' title='bbox 1370 813 1420 909; x_wconf 68' lang='grc' dir='ltr'>(Ι),</span> <span class='ocrx_word' id='word_1_9' title='bbox 1442 816 1618 887; x_wconf 85' lang='lat' dir='ltr'>Joanuem</span> <span class='ocrx_word' id='word_1_10' title='bbox 1645 813 1820 910; x_wconf 88' lang='lat' dir='ltr'>Pepulum</span> <span class='ocrx_word' id='word_1_11' title='bbox 1857 813 1931 886; x_wconf 92' lang='lat' dir='ltr'>eius</span> <span class='ocrx_word' id='word_1_12' title='bbox 1968 813 2073 886; x_wconf 87' lang='lat' dir='ltr'>sunus</span> <span class='ocrx_word' id='word_1_13' title='bbox 2106 813 2262 885; x_wconf 84' lang='lat' dir='ltr'>maxima</span> <span class='ocrx_word' id='word_1_14' title='bbox 2299 837 2429 910; x_wconf 89' lang='lat' dir='ltr'>pompa</span> 
     </span>
     <span class='ocr_line' id='line_1_3' title="bbox 610 939 2430 1038; baseline -0.003 -22"><span class='ocrx_word' id='word_1_15' title='bbox 610 967 753 1017; x_wconf 84' lang='lat' dir='ltr'>curasse</span> <span class='ocrx_word' id='word_1_16' title='bbox 782 952 817 1016; x_wconf 90' lang='lat' dir='ltr'>et</span> <span class='ocrx_word' id='word_1_17' title='bbox 847 943 935 1016; x_wconf 91' lang='lat' dir='ltr'>duos</span> <span class='ocrx_word' id='word_1_18' title='bbox 963 943 1008 1015; x_wconf 91' lang='lat' dir='ltr'>ab</span> <span class='ocrx_word' id='word_1_19' title='bbox 1036 967 1078 1014; x_wconf 88' lang='lat' dir='ltr'>eo</span> <span class='ocrx_word' id='word_1_20' title='bbox 1108 941 1249 1014; x_wconf 87' lang='lat' dir='ltr'>relictos</span> <span class='ocrx_word' id='word_1_21' title='bbox 1278 939 1445 1038; x_wconf 89' lang='lat' dir='ltr'>parvulos</span> <span class='ocrx_word' id='word_1_22' title='bbox 1473 939 1562 1014; x_wconf 90' lang='lat' dir='ltr'>filios</span> <span class='ocrx_word' id='word_1_23' title='bbox 1588 939 1847 1012; x_wconf 87' lang='lat' dir='ltr'>Bliobarixium</span> <span class='ocrx_word' id='word_1_24' title='bbox 1875 948 1911 1012; x_wconf 93' lang='lat' dir='ltr'>et</span> <span class='ocrx_word' id='word_1_25' title='bbox 1934 939 2167 1012; x_wconf 80' lang='lat' dir='ltr'>Thaddaeum</span> <span class='ocrx_word' id='word_1_26' title='bbox 2186 963 2294 1036; x_wconf 88' lang='lat' dir='ltr'>supra</span> <span class='ocrx_word' id='word_1_27' title='bbox 2315 939 2430 1036; x_wconf 90' lang='lat' dir='ltr'>ipsum</span> 
     </span>
     <span class='ocr_line' id='line_1_4' title="bbox 610 1063 2428 1167; baseline -0.003 -25"><span class='ocrx_word' id='word_1_28' title='bbox 610 1069 723 1167; x_wconf 89' lang='lat' dir='ltr'>patris</span> <span class='ocrx_word' id='word_1_29' title='bbox 751 1068 978 1166; x_wconf 80' lang='lat' dir='ltr'>sepulchrum</span> <span class='ocrx_word' id='word_1_30' title='bbox 1006 1068 1142 1164; x_wconf 81' lang='lat' dir='ltr'><strong>equites</strong></span> <span class='ocrx_word' id='word_1_31' title='bbox 1171 1066 1308 1140; x_wconf 85' lang='lat' dir='ltr'>fecisse.</span> <span class='ocrx_word' id='word_1_32' title='bbox 1338 1066 1497 1138; x_wconf 90' lang='lat' dir='ltr'>Primum</span> <span class='ocrx_word' id='word_1_33' title='bbox 1527 1065 1556 1138; x_wconf 92' lang='lat' dir='ltr'>si</span> <span class='ocrx_word' id='word_1_34' title='bbox 1584 1067 1675 1138; x_wconf 87' lang='lat' dir='ltr'>tanti</span> <span class='ocrx_word' id='word_1_35' title='bbox 1702 1064 1846 1138; x_wconf 90' lang='lat' dir='ltr'>honoris</span> <span class='ocrx_word' id='word_1_36' title='bbox 1870 1089 2031 1138; x_wconf 77' lang='lat' dir='ltr'>caussam</span> <span class='ocrx_word' id='word_1_37' title='bbox 2050 1090 2095 1137; x_wconf 85' lang='lat' dir='ltr'>ex</span> <span class='ocrx_word' id='word_1_38' title='bbox 2115 1064 2339 1160; x_wconf 83' lang='lat' dir='ltr'>Maeagnano</span> <span class='ocrx_word' id='word_1_39' title='bbox 2359 1063 2428 1138; x_wconf 91' lang='lat' dir='ltr'>III.</span> 
     </span>
     <span class='ocr_line' id='line_1_5' title="bbox 609 1189 2430 1294; baseline -0.004 -25"><span class='ocrx_word' id='word_1_40' title='bbox 609 1205 765 1294; x_wconf 80' lang='lat' dir='ltr'>repetas,</span> <span class='ocrx_word' id='word_1_41' title='bbox 794 1194 954 1266; x_wconf 90' lang='lat' dir='ltr'>invenies</span> <span class='ocrx_word' id='word_1_42' title='bbox 981 1192 1234 1265; x_wconf 85' lang='lat' dir='ltr'>validissimam</span> <span class='ocrx_word' id='word_1_43' title='bbox 1263 1215 1361 1284; x_wconf 89' lang='lat' dir='ltr'>esse;</span> <span class='ocrx_word' id='word_1_44' title='bbox 1383 1191 1411 1264; x_wconf 89' lang='lat' dir='ltr'>si</span> <span class='ocrx_word' id='word_1_45' title='bbox 1440 1215 1485 1264; x_wconf 87' lang='lat' dir='ltr'>ex</span> <span class='ocrx_word' id='word_1_46' title='bbox 1514 1191 1584 1286; x_wconf 88' lang='lat' dir='ltr'>II.,</span> <span class='ocrx_word' id='word_1_47' title='bbox 1606 1215 1675 1264; x_wconf 93' lang='lat' dir='ltr'>nou</span> <span class='ocrx_word' id='word_1_48' title='bbox 1705 1191 1795 1263; x_wconf 90' lang='lat' dir='ltr'>adeo</span> <span class='ocrx_word' id='word_1_49' title='bbox 1818 1189 1984 1263; x_wconf 87' lang='lat' dir='ltr'>validam.</span> <span class='ocrx_word' id='word_1_50' title='bbox 2006 1189 2144 1288; x_wconf 87' lang='lat' dir='ltr'>Nempe</span> <span class='ocrx_word' id='word_1_51' title='bbox 2165 1189 2322 1262; x_wconf 81' lang='lat' dir='ltr'>Ioannes</span> <span class='ocrx_word' id='word_1_52' title='bbox 2341 1213 2430 1262; x_wconf 84' lang='lat' dir='ltr'>uxo-</span> 
     </span>
     <span class='ocr_line' id='line_1_6' title="bbox 609 1315 2430 1414; baseline -0.003 -20"><span class='ocrx_word' id='word_1_53' title='bbox 609 1345 685 1394; x_wconf 93' lang='lat' dir='ltr'>rem</span> <span class='ocrx_word' id='word_1_54' title='bbox 713 1321 869 1394; x_wconf 91' lang='lat' dir='ltr'>habebat</span> <span class='ocrx_word' id='word_1_55' title='bbox 898 1318 1054 1391; x_wconf 86' lang='lat' dir='ltr'>Ghixam</span> <span class='ocrx_word' id='word_1_56' title='bbox 1084 1318 1299 1413; x_wconf 86' lang='lat' dir='ltr'>Macagnani</span> <span class='ocrx_word' id='word_1_57' title='bbox 1327 1317 1396 1390; x_wconf 91' lang='lat' dir='ltr'>III.</span> <span class='ocrx_word' id='word_1_58' title='bbox 1427 1315 1649 1392; x_wconf 78' lang='lat' dir='ltr'>sororeml2l.</span> <span class='ocrx_word' id='word_1_59' title='bbox 1679 1317 1805 1414; x_wconf 89' lang='lat' dir='ltr'>Itaque</span> <span class='ocrx_word' id='word_1_60' title='bbox 1833 1316 1919 1389; x_wconf 91' lang='lat' dir='ltr'>nihil</span> <span class='ocrx_word' id='word_1_61' title='bbox 1950 1316 2075 1388; x_wconf 93' lang='lat' dir='ltr'>mirum</span> <span class='ocrx_word' id='word_1_62' title='bbox 2106 1317 2134 1390; x_wconf 92' lang='lat' dir='ltr'>si</span> <span class='ocrx_word' id='word_1_63' title='bbox 2163 1317 2306 1389; x_wconf 87' lang='lat' dir='ltr'>affinem</span> <span class='ocrx_word' id='word_1_64' title='bbox 2341 1316 2430 1389; x_wconf 89' lang='lat' dir='ltr'>adeo</span> 
     </span>
     <span class='ocr_line' id='line_1_7' title="bbox 610 1440 2431 1540; baseline -0.004 -20"><span class='ocrx_word' id='word_1_65' title='bbox 610 1447 837 1520; x_wconf 90' lang='lat' dir='ltr'>coniunctum</span> <span class='ocrx_word' id='word_1_66' title='bbox 867 1453 966 1517; x_wconf 89' lang='lat' dir='ltr'>tanto</span> <span class='ocrx_word' id='word_1_67' title='bbox 995 1443 1112 1516; x_wconf 91' lang='lat' dir='ltr'>studio</span> <span class='ocrx_word' id='word_1_68' title='bbox 1140 1451 1194 1515; x_wconf 90' lang='lat' dir='ltr'>est</span> <span class='ocrx_word' id='word_1_69' title='bbox 1224 1451 1442 1540; x_wconf 84' lang='lat' dir='ltr'>prosecutus.</span> <span class='ocrx_word' id='word_1_70' title='bbox 1474 1444 1525 1516; x_wconf 87' lang='lat' dir='ltr'>At</span> <span class='ocrx_word' id='word_1_71' title='bbox 1553 1443 1797 1538; x_wconf 81' lang='lat' dir='ltr'>Maraguanus</span> <span class='ocrx_word' id='word_1_72' title='bbox 1817 1442 1865 1516; x_wconf 91' lang='grc' dir='ltr'>ΙΙ.</span> <span class='ocrx_word' id='word_1_73' title='bbox 1886 1442 1931 1515; x_wconf 89' lang='lat' dir='ltr'>ad</span> <span class='ocrx_word' id='word_1_74' title='bbox 1952 1443 2126 1516; x_wconf 88' lang='lat' dir='ltr'>Joanuem</span> <span class='ocrx_word' id='word_1_75' title='bbox 2146 1441 2323 1540; x_wconf 83' lang='lat' dir='ltr'>Populum</span> <span class='ocrx_word' id='word_1_76' title='bbox 2343 1440 2431 1514; x_wconf 88' lang='lat' dir='ltr'>nihil</span> 
     </span>
     <span class='ocr_line' id='line_1_8' title="bbox 609 1568 2430 1668; baseline -0.003 -22"><span class='ocrx_word' id='word_1_77' title='bbox 609 1574 797 1668; x_wconf 74' lang='lat' dir='ltr'>attinebat,</span> <span class='ocrx_word' id='word_1_78' title='bbox 819 1571 886 1643; x_wconf 94' lang='lat' dir='ltr'>nisi</span> <span class='ocrx_word' id='word_1_79' title='bbox 916 1570 1009 1667; x_wconf 92' lang='lat' dir='ltr'>quod</span> <span class='ocrx_word' id='word_1_80' title='bbox 1038 1570 1112 1642; x_wconf 90' lang='lat' dir='ltr'>eius</span> <span class='ocrx_word' id='word_1_81' title='bbox 1141 1569 1257 1666; x_wconf 91' lang='lat' dir='ltr'>neptis</span> <span class='ocrx_word' id='word_1_82' title='bbox 1286 1593 1329 1640; x_wconf 84' lang='lat' dir='ltr'>ex</span> <span class='ocrx_word' id='word_1_83' title='bbox 1359 1568 1471 1642; x_wconf 89' lang='lat' dir='ltr'>fratre</span> <span class='ocrx_word' id='word_1_84' title='bbox 1500 1568 1719 1641; x_wconf 86' lang='lat' dir='ltr'>Bliobarixio</span> <span class='ocrx_word' id='word_1_85' title='bbox 1747 1569 1862 1641; x_wconf 82' lang='lat' dir='ltr'>eidem</span> <span class='ocrx_word' id='word_1_86' title='bbox 1882 1568 2014 1640; x_wconf 89' lang='lat' dir='ltr'>Joanni</span> <span class='ocrx_word' id='word_1_87' title='bbox 2042 1577 2153 1665; x_wconf 88' lang='lat' dir='ltr'>nupta</span> <span class='ocrx_word' id='word_1_88' title='bbox 2182 1577 2270 1640; x_wconf 89' lang='lat' dir='ltr'>erat.</span> <span class='ocrx_word' id='word_1_89' title='bbox 2291 1568 2430 1642; x_wconf 80' lang='lat' dir='ltr'>Deinde</span> 
     </span>
     <span class='ocr_line' id='line_1_9' title="bbox 610 1693 2431 1792; baseline -0.002 -21"><span class='ocrx_word' id='word_1_90' title='bbox 610 1723 691 1772; x_wconf 90' lang='lat' dir='ltr'>cum</span> <span class='ocrx_word' id='word_1_91' title='bbox 719 1697 806 1770; x_wconf 83' lang='lat' dir='ltr'>duos</span> <span class='ocrx_word' id='word_1_92' title='bbox 834 1695 877 1769; x_wconf 83' lang='lat' dir='ltr'>ab</span> <span class='ocrx_word' id='word_1_93' title='bbox 907 1721 943 1769; x_wconf 91' lang='lat' dir='ltr'>eo</span> <span class='ocrx_word' id='word_1_94' title='bbox 972 1696 1106 1767; x_wconf 88' lang='lat' dir='ltr'>relictas</span> <span class='ocrx_word' id='word_1_95' title='bbox 1128 1694 1297 1792; x_wconf 84' lang='lat' dir='ltr'>paruulos</span> <span class='ocrx_word' id='word_1_96' title='bbox 1322 1693 1417 1788; x_wconf 80' lang='lat' dir='ltr'>filios</span> <span class='ocrx_word' id='word_1_97' title='bbox 1445 1694 1619 1789; x_wconf 90' lang='lat' dir='ltr'>audimus,</span> <span class='ocrx_word' id='word_1_98' title='bbox 1641 1693 1719 1791; x_wconf 92' lang='lat' dir='ltr'>quis</span> <span class='ocrx_word' id='word_1_99' title='bbox 1746 1694 1782 1766; x_wconf 95' lang='lat' dir='ltr'>in</span> <span class='ocrx_word' id='word_1_100' title='bbox 1806 1694 1962 1766; x_wconf 90' lang='lat' dir='ltr'>animum</span> <span class='ocrx_word' id='word_1_101' title='bbox 1983 1693 2128 1768; x_wconf 88' lang='lat' dir='ltr'>inducat</span> <span class='ocrx_word' id='word_1_102' title='bbox 2148 1718 2270 1766; x_wconf 87' lang='lat' dir='ltr'>eorum</span> <span class='ocrx_word' id='word_1_103' title='bbox 2291 1703 2431 1791; x_wconf 87' lang='lat' dir='ltr'>patrem</span> 
     </span>
     <span class='ocr_line' id='line_1_10' title="bbox 609 1818 2431 1920; baseline -0.002 -25"><span class='ocrx_word' id='word_1_104' title='bbox 609 1845 730 1896; x_wconf 91' lang='lat' dir='ltr'>senem</span> <span class='ocrx_word' id='word_1_105' title='bbox 759 1822 877 1920; x_wconf 90' lang='lat' dir='ltr'>potius</span> <span class='ocrx_word' id='word_1_106' title='bbox 906 1821 1196 1916; x_wconf 86' lang='lat' dir='ltr'>octogennarium</span> <span class='ocrx_word' id='word_1_107' title='bbox 1225 1820 1381 1914; x_wconf 85' lang='lat' dir='ltr'>eredere,</span> <span class='ocrx_word' id='word_1_108' title='bbox 1403 1845 1508 1916; x_wconf 90' lang='lat' dir='ltr'>quam</span> <span class='ocrx_word' id='word_1_109' title='bbox 1538 1819 1702 1892; x_wconf 84' lang='lat' dir='ltr'>iuvenem</span> <span class='ocrx_word' id='word_1_110' title='bbox 1730 1844 1903 1892; x_wconf 90' lang='lat' dir='ltr'>annorum</span> <span class='ocrx_word' id='word_1_111' title='bbox 1932 1819 2144 1892; x_wconf 86' lang='lat' dir='ltr'>XXXVI?</span> <span class='ocrx_word' id='word_1_112' title='bbox 2168 1818 2261 1891; x_wconf 82' lang='lat' dir='ltr'>Nam</span> <span class='ocrx_word' id='word_1_113' title='bbox 2282 1820 2431 1894; x_wconf 90' lang='lat' dir='ltr'>totidem</span> 
     </span>
     <span class='ocr_line' id='line_1_11' title="bbox 609 1943 2302 2038; baseline -0.002 -16"><span class='ocrx_word' id='word_1_114' title='bbox 609 1949 742 2022; x_wconf 88' lang='lat' dir='ltr'>habere</span> <span class='ocrx_word' id='word_1_115' title='bbox 771 1948 924 2021; x_wconf 87' lang='lat' dir='ltr'>debebat</span> <span class='ocrx_word' id='word_1_116' title='bbox 951 1969 1044 2018; x_wconf 90' lang='lat' dir='ltr'>anno</span> <span class='ocrx_word' id='word_1_117' title='bbox 1073 1943 1384 2038; x_wconf 62' lang='lat' dir='ltr'>MCCCXLVII,</span> <span class='ocrx_word' id='word_1_118' title='bbox 1415 1969 1494 2016; x_wconf 90' lang='lat' dir='ltr'>eum</span> <span class='ocrx_word' id='word_1_119' title='bbox 1523 1954 1660 2017; x_wconf 87' lang='lat' dir='ltr'>constet</span> <span class='ocrx_word' id='word_1_120' title='bbox 1688 1955 1812 2018; x_wconf 90' lang='lat' dir='ltr'>natum</span> <span class='ocrx_word' id='word_1_121' title='bbox 1841 1945 1949 2018; x_wconf 91' lang='lat' dir='ltr'>luisse</span> <span class='ocrx_word' id='word_1_122' title='bbox 1978 1969 2071 2018; x_wconf 89' lang='lat' dir='ltr'>anno</span> <span class='ocrx_word' id='word_1_123' title='bbox 2099 1944 2302 2020; x_wconf 81' lang='lat' dir='ltr'>MCCCXI.</span> 
     </span>
    </p>

    <p class='ocr_par' dir='ltr' id='par_1_3' title="bbox 530 2069 2430 2796">
     <span class='ocr_line' id='line_1_12' title="bbox 717 2069 2428 2168; baseline -0.002 -21"><span class='ocrx_word' id='word_1_124' title='bbox 717 2074 823 2148; x_wconf 91' lang='lat' dir='ltr'>VIII.</span> <span class='ocrx_word' id='word_1_125' title='bbox 852 2074 953 2145; x_wconf 89' lang='lat' dir='ltr'>Haeo</span> <span class='ocrx_word' id='word_1_126' title='bbox 982 2071 1079 2166; x_wconf 93' lang='lat' dir='ltr'>mihi,</span> <span class='ocrx_word' id='word_1_127' title='bbox 1100 2079 1140 2143; x_wconf 95' lang='lat' dir='ltr'>ut</span> <span class='ocrx_word' id='word_1_128' title='bbox 1168 2071 1253 2165; x_wconf 84' lang='lat' dir='ltr'>dixi,</span> <span class='ocrx_word' id='word_1_129' title='bbox 1275 2069 1478 2142; x_wconf 85' lang='lat' dir='ltr'>verisimilia</span> <span class='ocrx_word' id='word_1_130' title='bbox 1509 2071 1693 2166; x_wconf 76' lang='lat' dir='ltr'>videntur,</span> <span class='ocrx_word' id='word_1_131' title='bbox 1715 2071 1775 2143; x_wconf 92' lang='lat' dir='ltr'>sed</span> <span class='ocrx_word' id='word_1_132' title='bbox 1797 2097 1875 2144; x_wconf 88' lang='lat' dir='ltr'>cum</span> <span class='ocrx_word' id='word_1_133' title='bbox 1896 2072 2002 2144; x_wconf 90' lang='lat' dir='ltr'>meris</span> <span class='ocrx_word' id='word_1_134' title='bbox 2022 2073 2183 2144; x_wconf 89' lang='lat' dir='ltr'>nitantur</span> <span class='ocrx_word' id='word_1_135' title='bbox 2202 2071 2428 2168; x_wconf 87' lang='lat' dir='ltr'>coniecturis,</span> 
     </span>
     <span class='ocr_line' id='line_1_13' title="bbox 610 2195 2426 2294; baseline -0.002 -20"><span class='ocrx_word' id='word_1_136' title='bbox 610 2225 655 2274; x_wconf 90' lang='lat' dir='ltr'>ex</span> <span class='ocrx_word' id='word_1_137' title='bbox 683 2201 726 2273; x_wconf 91' lang='lat' dir='ltr'>iis</span> <span class='ocrx_word' id='word_1_138' title='bbox 754 2199 836 2271; x_wconf 91' lang='lat' dir='ltr'>seiri</span> <span class='ocrx_word' id='word_1_139' title='bbox 865 2206 961 2271; x_wconf 87' lang='lat' dir='ltr'>certo</span> <span class='ocrx_word' id='word_1_140' title='bbox 990 2222 1059 2270; x_wconf 90' lang='lat' dir='ltr'>non</span> <span class='ocrx_word' id='word_1_141' title='bbox 1081 2205 1209 2294; x_wconf 90' lang='lat' dir='ltr'>potest,</span> <span class='ocrx_word' id='word_1_142' title='bbox 1231 2213 1335 2293; x_wconf 90' lang='lat' dir='ltr'>quem</span> <span class='ocrx_word' id='word_1_143' title='bbox 1355 2195 1399 2268; x_wconf 84' lang='lat' dir='ltr'>&#39;ad</span> <span class='ocrx_word' id='word_1_144' title='bbox 1419 2221 1549 2268; x_wconf 90' lang='lat' dir='ltr'>annum</span> <span class='ocrx_word' id='word_1_145' title='bbox 1571 2197 1798 2293; x_wconf 88' lang='lat' dir='ltr'>producenda</span> <span class='ocrx_word' id='word_1_146' title='bbox 1817 2197 1862 2269; x_wconf 92' lang='lat' dir='ltr'>sit</span> <span class='ocrx_word' id='word_1_147' title='bbox 1881 2196 2087 2270; x_wconf 82' lang='lat' dir='ltr'>alterutrius</span> <span class='ocrx_word' id='word_1_148' title='bbox 2105 2197 2321 2292; x_wconf 87' lang='lat' dir='ltr'>Macagnani</span> <span class='ocrx_word' id='word_1_149' title='bbox 2341 2198 2426 2271; x_wconf 85' lang='lat' dir='ltr'>vita.</span> 
     </span>
     <span class='ocr_line' id='line_1_14' title="bbox 530 2321 2428 2422; baseline 0.002 -24"><span class='ocrx_word' id='word_1_150' title='bbox 530 2347 535 2354; x_wconf 88' lang='lat'><strong>·</strong></span> <span class='ocrx_word' id='word_1_151' title='bbox 609 2325 703 2398; x_wconf 90' lang='lat' dir='ltr'>Illud</span> <span class='ocrx_word' id='word_1_152' title='bbox 732 2349 796 2422; x_wconf 90' lang='lat' dir='ltr'>pro</span> <span class='ocrx_word' id='word_1_153' title='bbox 825 2333 923 2396; x_wconf 90' lang='lat' dir='ltr'>certo</span> <span class='ocrx_word' id='word_1_154' title='bbox 952 2323 1078 2418; x_wconf 90' lang='lat' dir='ltr'>habeo,</span> <span class='ocrx_word' id='word_1_155' title='bbox 1108 2321 1204 2395; x_wconf 88' lang='lat' dir='ltr'>ultra</span> <span class='ocrx_word' id='word_1_156' title='bbox 1237 2321 1528 2394; x_wconf 83' lang='lat' dir='ltr'>MCCCXLVII.</span> <span class='ocrx_word' id='word_1_157' title='bbox 1558 2323 1718 2395; x_wconf 85' lang='lat' dir='ltr'>neutrius</span> <span class='ocrx_word' id='word_1_158' title='bbox 1756 2347 1833 2396; x_wconf 91' lang='lat' dir='ltr'>esse</span> <span class='ocrx_word' id='word_1_159' title='bbox 1867 2324 2143 2420; x_wconf 84' lang='lat' dir='ltr'>producendam.</span> <span class='ocrx_word' id='word_1_160' title='bbox 2174 2325 2267 2398; x_wconf 83' lang='lat' dir='ltr'>Nam</span> <span class='ocrx_word' id='word_1_161' title='bbox 2306 2327 2351 2399; x_wconf 91' lang='lat' dir='ltr'>ab</span> <span class='ocrx_word' id='word_1_162' title='bbox 2387 2351 2428 2401; x_wconf 91' lang='lat' dir='ltr'>eo</span> 
     </span>
     <span class='ocr_line' id='line_1_15' title="bbox 610 2447 2428 2550; baseline 0.003 -26"><span class='ocrx_word' id='word_1_163' title='bbox 610 2476 724 2546; x_wconf 88' lang='lat' dir='ltr'>auno,</span> <span class='ocrx_word' id='word_1_164' title='bbox 755 2473 929 2545; x_wconf 85' lang='lat' dir='ltr'>nusquam</span> <span class='ocrx_word' id='word_1_165' title='bbox 960 2449 1028 2521; x_wconf 90' lang='lat' dir='ltr'>iam</span> <span class='ocrx_word' id='word_1_166' title='bbox 1066 2447 1217 2544; x_wconf 90' lang='lat' dir='ltr'>amplius</span> <span class='ocrx_word' id='word_1_167' title='bbox 1256 2448 1410 2520; x_wconf 90' lang='lat' dir='ltr'>occurrit</span> <span class='ocrx_word' id='word_1_168' title='bbox 1447 2449 1578 2520; x_wconf 90' lang='lat' dir='ltr'>mentio</span> <span class='ocrx_word' id='word_1_169' title='bbox 1616 2447 1842 2544; x_wconf 87' lang='lat' dir='ltr'>Maeagnani.</span> <span class='ocrx_word' id='word_1_170' title='bbox 1873 2449 2000 2545; x_wconf 90' lang='lat' dir='ltr'>Itaque</span> <span class='ocrx_word' id='word_1_171' title='bbox 2029 2460 2134 2547; x_wconf 90' lang='lat' dir='ltr'>prout</span> <span class='ocrx_word' id='word_1_172' title='bbox 2163 2477 2215 2546; x_wconf 88' lang='lat' dir='ltr'>ea,</span> <span class='ocrx_word' id='word_1_173' title='bbox 2246 2479 2337 2550; x_wconf 88' lang='lat' dir='ltr'>quae</span> <span class='ocrx_word' id='word_1_174' title='bbox 2370 2481 2428 2529; x_wconf 91' lang='lat' dir='ltr'>su-</span> 
     </span>
     <span class='ocr_line' id='line_1_16' title="bbox 610 2571 2430 2673; baseline 0.003 -25"><span class='ocrx_word' id='word_1_175' title='bbox 610 2575 729 2673; x_wconf 88' lang='lat' dir='ltr'>perius</span> <span class='ocrx_word' id='word_1_176' title='bbox 758 2584 940 2670; x_wconf 91' lang='lat' dir='ltr'>tamquam</span> <span class='ocrx_word' id='word_1_177' title='bbox 969 2573 1106 2646; x_wconf 90' lang='lat' dir='ltr'>ineerta</span> <span class='ocrx_word' id='word_1_178' title='bbox 1134 2573 1250 2670; x_wconf 88' lang='lat' dir='ltr'>posita</span> <span class='ocrx_word' id='word_1_179' title='bbox 1274 2581 1368 2666; x_wconf 92' lang='lat' dir='ltr'>suut,</span> <span class='ocrx_word' id='word_1_180' title='bbox 1389 2571 1552 2645; x_wconf 88' lang='lat' dir='ltr'>alterutri</span> <span class='ocrx_word' id='word_1_181' title='bbox 1580 2574 1890 2670; x_wconf 88' lang='lat' dir='ltr'>adiudicabuutur,</span> <span class='ocrx_word' id='word_1_182' title='bbox 1920 2573 2012 2647; x_wconf 92' lang='lat' dir='ltr'>illius</span> <span class='ocrx_word' id='word_1_183' title='bbox 2040 2600 2135 2650; x_wconf 89' lang='lat' dir='ltr'>mors</span> <span class='ocrx_word' id='word_1_184' title='bbox 2164 2579 2306 2652; x_wconf 91' lang='lat' dir='ltr'>omnino</span> <span class='ocrx_word' id='word_1_185' title='bbox 2335 2605 2430 2655; x_wconf 93' lang='lat' dir='ltr'>anuo</span> 
     </span>
     <span class='ocr_line' id='line_1_17' title="bbox 609 2696 1955 2796; baseline 0 -24"><span class='ocrx_word' id='word_1_186' title='bbox 609 2699 902 2773; x_wconf 81' lang='lat' dir='ltr'>MCCOXLVII.</span> <span class='ocrx_word' id='word_1_187' title='bbox 934 2700 1124 2772; x_wconf 85' lang='lat' dir='ltr'>statuenda</span> <span class='ocrx_word' id='word_1_188' title='bbox 1152 2699 1237 2792; x_wconf 87' lang='lat' dir='ltr'>erit,</span> <span class='ocrx_word' id='word_1_189' title='bbox 1267 2696 1413 2770; x_wconf 87' lang='lat' dir='ltr'>alterius</span> <span class='ocrx_word' id='word_1_190' title='bbox 1443 2722 1526 2770; x_wconf 83' lang='lat' dir='ltr'>vero</span> <span class='ocrx_word' id='word_1_191' title='bbox 1555 2709 1637 2771; x_wconf 89' lang='lat' dir='ltr'>aute</span> <span class='ocrx_word' id='word_1_192' title='bbox 1668 2701 1782 2796; x_wconf 89' lang='lat' dir='ltr'>ipsum</span> <span class='ocrx_word' id='word_1_193' title='bbox 1811 2724 1955 2772; x_wconf 93' lang='lat' dir='ltr'>aunum.</span> 
     </span>
    </p>
   </div>
   <div class='ocr_carea' id='block_1_3' title="bbox 1313 2946 1728 3022">
    <p class='ocr_par' dir='ltr' id='par_1_4' title="bbox 1313 2946 1728 3022">
     <span class='ocr_line' id='line_1_18' title="bbox 1313 2946 1728 3022; baseline 0.007 -3"><span class='ocrx_word' id='word_1_194' title='bbox 1313 2947 1387 3019; x_wconf 84' lang='lat' dir='ltr'>DE</span> <span class='ocrx_word' id='word_1_195' title='bbox 1430 2946 1728 3022; x_wconf 81' lang='lat' dir='ltr'>SCRIPTIS.</span> 
     </span>
    </p>
   </div>
   <div class='ocr_carea' id='block_1_4' title="bbox 608 3197 2433 3810">
    <p class='ocr_par' dir='ltr' id='par_1_5' title="bbox 608 3197 2433 3810">
     <span class='ocr_line' id='line_1_19' title="bbox 718 3197 2430 3308; baseline 0.007 -35"><span class='ocrx_word' id='word_1_196' title='bbox 718 3202 786 3275; x_wconf 92' lang='lat' dir='ltr'>IX.</span> <span class='ocrx_word' id='word_1_197' title='bbox 816 3200 987 3273; x_wconf 88' lang='lat' dir='ltr'>Testatur</span> <span class='ocrx_word' id='word_1_198' title='bbox 1014 3197 1278 3296; x_wconf 86' lang='lat' dir='ltr'>Diplovatatius</span> <span class='ocrx_word' id='word_1_199' title='bbox 1307 3223 1387 3296; x_wconf 85' lang='lat' dir='ltr'>pag.</span> <span class='ocrx_word' id='word_1_200' title='bbox 1412 3201 1487 3270; x_wconf 77' lang='lat'>214</span> <span class='ocrx_word' id='word_1_201' title='bbox 1516 3198 1778 3294; x_wconf 85' lang='lat' dir='ltr'>Macagnanum</span> <span class='ocrx_word' id='word_1_202' title='bbox 1806 3202 1936 3274; x_wconf 70' lang='lat' dir='ltr'>tettalias</span> <span class='ocrx_word' id='word_1_203' title='bbox 1955 3203 2231 3306; x_wconf 76' lang='lat' dir='ltr'>Disputationes,</span> <span class='ocrx_word' id='word_1_204' title='bbox 2250 3213 2430 3308; x_wconf 79' lang='lat' dir='ltr'>scripsisse</span> 
     </span>
     <span class='ocr_line' id='line_1_20' title="bbox 609 3324 2430 3430; baseline 0.006 -31"><span class='ocrx_word' id='word_1_205' title='bbox 609 3350 762 3425; x_wconf 82' lang='lat' dir='ltr'>puerum</span> <span class='ocrx_word' id='word_1_206' title='bbox 791 3327 908 3423; x_wconf 87' lang='lat' dir='ltr'>eopia,</span> <span class='ocrx_word' id='word_1_207' title='bbox 938 3325 1073 3423; x_wconf 89' lang='lat' dir='ltr'>inquit,</span> <span class='ocrx_word' id='word_1_208' title='bbox 1102 3349 1190 3396; x_wconf 81' lang='lat' dir='ltr'>rara</span> <span class='ocrx_word' id='word_1_209' title='bbox 1221 3332 1267 3396; x_wconf 88' lang='lat' dir='ltr'>est</span> <span class='ocrx_word' id='word_1_210' title='bbox 1277 3353 1289 3418; x_wconf 90' lang='lat'>,·</span> <span class='ocrx_word' id='word_1_211' title='bbox 1315 3331 1346 3396; x_wconf 91' lang='lat' dir='ltr'>et</span> <span class='ocrx_word' id='word_1_212' title='bbox 1373 3347 1449 3396; x_wconf 81' lang='lat' dir='ltr'>curn</span> <span class='ocrx_word' id='word_1_213' title='bbox 1481 3324 1664 3397; x_wconf 80' lang='lat' dir='ltr'>Bononiae</span> <span class='ocrx_word' id='word_1_214' title='bbox 1692 3327 1729 3397; x_wconf 86' lang='lat' dir='ltr'>in</span> <span class='ocrx_word' id='word_1_215' title='bbox 1756 3329 1893 3424; x_wconf 84' lang='lat' dir='ltr'>praetio</span> <span class='ocrx_word' id='word_1_216' title='bbox 1922 3331 2097 3426; x_wconf 71' lang='lat' dir='ltr'>existeret,</span> <span class='ocrx_word' id='word_1_217' title='bbox 2125 3336 2265 3430; x_wconf 82' lang='lat' dir='ltr'>scripsit</span> <span class='ocrx_word' id='word_1_218' title='bbox 2293 3337 2430 3410; x_wconf 80' lang='lat' dir='ltr'>utiliter</span> 
     </span>
     <span class='ocr_line' id='line_1_21' title="bbox 608 3451 2431 3558; baseline 0.006 -33"><span class='ocrx_word' id='word_1_219' title='bbox 608 3477 714 3550; x_wconf 84' lang='lat' dir='ltr'>supe-r</span> <span class='ocrx_word' id='word_1_220' title='bbox 734 3454 858 3550; x_wconf 83' lang='lat' dir='ltr'>prima</span> <span class='ocrx_word' id='word_1_221' title='bbox 882 3459 986 3550; x_wconf 87' lang='lat' dir='ltr'>perte</span> <span class='ocrx_word' id='word_1_222' title='bbox 1016 3451 1152 3548; x_wconf 82' lang='lat' dir='ltr'>Dipesti</span> <span class='ocrx_word' id='word_1_223' title='bbox 1181 3452 1301 3522; x_wconf 84' lang='lat' dir='ltr'>ueteris</span> <span class='ocrx_word' id='word_1_224' title='bbox 1329 3457 1359 3522; x_wconf 85' lang='lat' dir='ltr'>et</span> <span class='ocrx_word' id='word_1_225' title='bbox 1380 3451 1569 3548; x_wconf 81' lang='lat' dir='ltr'>praecipue</span> <span class='ocrx_word' id='word_1_226' title='bbox 1601 3453 1637 3522; x_wconf 85' lang='lat' dir='ltr'>iu</span> <span class='ocrx_word' id='word_1_227' title='bbox 1667 3453 1720 3524; x_wconf 88' lang='lat' dir='ltr'>tit.</span> <span class='ocrx_word' id='word_1_228' title='bbox 1750 3451 1804 3525; x_wconf 91' lang='lat' dir='ltr'>Dc</span> <span class='ocrx_word' id='word_1_229' title='bbox 1834 3453 1998 3550; x_wconf 89' lang='lat' dir='ltr'>arbitris;</span> <span class='ocrx_word' id='word_1_230' title='bbox 2031 3463 2061 3528; x_wconf 88' lang='lat' dir='ltr'>et</span> <span class='ocrx_word' id='word_1_231' title='bbox 2088 3481 2166 3529; x_wconf 77' lang='lat' dir='ltr'>euru</span> <span class='ocrx_word' id='word_1_232' title='bbox 2199 3483 2303 3558; x_wconf 86' lang='lat' dir='ltr'>super</span> <span class='ocrx_word' id='word_1_233' title='bbox 2335 3463 2431 3536; x_wconf 84' lang='lat' dir='ltr'>ordi·</span> 
     </span>
     <span class='ocr_line' id='line_1_22' title="bbox 611 3575 2429 3684; baseline 0.006 -34"><span class='ocrx_word' id='word_1_234' title='bbox 611 3580 730 3650; x_wconf 84' lang='lat' dir='ltr'>nariis</span> <span class='ocrx_word' id='word_1_235' title='bbox 757 3577 906 3650; x_wconf 80' lang='lat' dir='ltr'>seribere</span> <span class='ocrx_word' id='word_1_236' title='bbox 934 3579 1104 3674; x_wconf 87' lang='lat' dir='ltr'>caepisset,</span> <span class='ocrx_word' id='word_1_237' title='bbox 1132 3583 1240 3648; x_wconf 75' lang='lat' dir='ltr'>retorto</span> <span class='ocrx_word' id='word_1_238' title='bbox 1261 3583 1473 3673; x_wconf 85' lang='lat' dir='ltr'>praecentus</span> <span class='ocrx_word' id='word_1_239' title='bbox 1499 3577 1628 3648; x_wconf 76' lang='lat' dir='ltr'>oririsit.</span> <span class='ocrx_word' id='word_1_240' title='bbox 1659 3575 1796 3650; x_wconf 85' lang='lat' dir='ltr'>Multas</span> <span class='ocrx_word' id='word_1_241' title='bbox 1823 3603 1956 3676; x_wconf 80' lang='lat' dir='ltr'>quoque</span> <span class='ocrx_word' id='word_1_242' title='bbox 1984 3579 2249 3680; x_wconf 81' lang='lat' dir='ltr'>disputationes,</span> <span class='ocrx_word' id='word_1_243' title='bbox 2277 3611 2429 3684; x_wconf 82' lang='lat' dir='ltr'>querum</span> 
     </span>
     <span class='ocr_line' id='line_1_23' title="bbox 613 3697 2433 3810; baseline 0.005 -34"><span class='ocrx_word' id='word_1_244' title='bbox 613 3706 711 3802; x_wconf 88' lang='lat' dir='ltr'>capia</span> <span class='ocrx_word' id='word_1_245' title='bbox 740 3727 829 3776; x_wconf 85' lang='lat' dir='ltr'>rere</span> <span class='ocrx_word' id='word_1_246' title='bbox 858 3709 942 3776; x_wconf 87' lang='lat' dir='ltr'>esset</span> <span class='ocrx_word' id='word_1_247' title='bbox 976 3697 1108 3778; x_wconf 84' lang='lat' dir='ltr'>vidisse</span> <span class='ocrx_word' id='word_1_248' title='bbox 1144 3725 1181 3774; x_wconf 89' lang='lat' dir='ltr'>se</span> <span class='ocrx_word' id='word_1_249' title='bbox 1212 3709 1364 3774; x_wconf 86' lang='lat' dir='ltr'>testatur</span> <span class='ocrx_word' id='word_1_250' title='bbox 1392 3699 1629 3798; x_wconf 84' lang='lat' dir='ltr'>Gauzalupus,</span> <span class='ocrx_word' id='word_1_251' title='bbox 1661 3725 1722 3774; x_wconf 89' lang='lat' dir='ltr'>seu</span> <span class='ocrx_word' id='word_1_252' title='bbox 1752 3701 1997 3803; x_wconf 82' lang='lat' dir='ltr'>Caecielupus,</span> <span class='ocrx_word' id='word_1_253' title='bbox 2028 3707 2063 3778; x_wconf 94' lang='lat' dir='ltr'>iu</span> <span class='ocrx_word' id='word_1_254' title='bbox 2093 3707 2189 3781; x_wconf 80' lang='lat' dir='ltr'>Hist.</span> <span class='ocrx_word' id='word_1_255' title='bbox 2219 3710 2372 3810; x_wconf 76' lang='lat' dir='ltr'>interpr.</span> <span class='ocrx_word' id='word_1_256' title='bbox 2402 3721 2433 3785; x_wconf 87' lang='lat' dir='ltr'>et</span> 
     </span>
    </p>
   </div>
   <div class='ocr_carea' id='block_1_5' title="bbox 606 3825 2430 5050">
    <p class='ocr_par' dir='ltr' id='par_1_6' title="bbox 606 3825 2430 5050">
     <span class='ocr_line' id='line_1_24' title="bbox 613 3825 2427 3926; baseline 0.006 -25"><span class='ocrx_word' id='word_1_257' title='bbox 613 3827 764 3901; x_wconf 83' lang='lat' dir='ltr'>Glossat.</span> <span class='ocrx_word' id='word_1_258' title='bbox 776 3887 786 3923; x_wconf 94' lang='lat'>,</span> <span class='ocrx_word' id='word_1_259' title='bbox 806 3853 887 3925; x_wconf 85' lang='lat' dir='ltr'>pag.</span> <span class='ocrx_word' id='word_1_260' title='bbox 911 3829 999 3922; x_wconf 78' lang='lat'>507,</span> <span class='ocrx_word' id='word_1_261' title='bbox 1025 3826 1120 3923; x_wconf 92' lang='lat' dir='ltr'>apud</span> <span class='ocrx_word' id='word_1_262' title='bbox 1149 3825 1454 3922; x_wconf 87' lang='lat' dir='ltr'>Mazzuchellium,</span> <span class='ocrx_word' id='word_1_263' title='bbox 1484 3825 1553 3900; x_wconf 90' lang='lat' dir='ltr'>vol.</span> <span class='ocrx_word' id='word_1_264' title='bbox 1574 3827 1603 3899; x_wconf 91' lang='lat' dir='ltr'>I.</span> <span class='ocrx_word' id='word_1_265' title='bbox 1625 3851 1708 3924; x_wconf 89' lang='lat' dir='ltr'>pars</span> <span class='ocrx_word' id='word_1_266' title='bbox 1728 3827 1796 3924; x_wconf 90' lang='lat' dir='ltr'>II.,</span> <span class='ocrx_word' id='word_1_267' title='bbox 1826 3854 1906 3926; x_wconf 87' lang='lat' dir='ltr'>pag.</span> <span class='ocrx_word' id='word_1_268' title='bbox 1931 3833 2045 3904; x_wconf 84' lang='lat'>1290.</span> <span class='ocrx_word' id='word_1_269' title='bbox 2069 3832 2128 3904; x_wconf 76' lang='lat' dir='ltr'>Ad</span> <span class='ocrx_word' id='word_1_270' title='bbox 2157 3833 2246 3907; x_wconf 90' lang='lat' dir='ltr'>haec</span> <span class='ocrx_word' id='word_1_271' title='bbox 2269 3837 2427 3912; x_wconf 88' lang='lat' dir='ltr'>Joaunes</span> 
     </span>
     <span class='ocr_line' id='line_1_25' title="bbox 609 3951 2427 4050; baseline 0.006 -24"><span class='ocrx_word' id='word_1_272' title='bbox 609 3954 652 4026; x_wconf 94' lang='lat' dir='ltr'>de</span> <span class='ocrx_word' id='word_1_273' title='bbox 672 3954 796 4026; x_wconf 87' lang='lat' dir='ltr'>Arena</span> <span class='ocrx_word' id='word_1_274' title='bbox 825 3961 859 4026; x_wconf 92' lang='lat' dir='ltr'>et</span> <span class='ocrx_word' id='word_1_275' title='bbox 887 3951 1075 4026; x_wconf 87' lang='lat' dir='ltr'>Alberieus</span> <span class='ocrx_word' id='word_1_276' title='bbox 1104 3952 1329 4044; x_wconf 77' lang='lat' dir='ltr'>Quaestiones</span> <span class='ocrx_word' id='word_1_277' title='bbox 1348 3951 1570 4050; x_wconf 84' lang='lat' dir='ltr'>¹Macagnani</span> <span class='ocrx_word' id='word_1_278' title='bbox 1590 3951 1713 4049; x_wconf 90' lang='lat' dir='ltr'>citant,</span> <span class='ocrx_word' id='word_1_279' title='bbox 1734 3954 1884 4027; x_wconf 86' lang='lat' dir='ltr'>testibus</span> <span class='ocrx_word' id='word_1_280' title='bbox 1904 3955 2064 4029; x_wconf 87' lang='lat' dir='ltr'>Alidosio</span> <span class='ocrx_word' id='word_1_281' title='bbox 2084 3966 2120 4030; x_wconf 88' lang='lat' dir='ltr'>et</span> <span class='ocrx_word' id='word_1_282' title='bbox 2139 3957 2427 4038; x_wconf 86' lang='lat' dir='ltr'>Mazzuechellio.</span> 
     </span>
     <span class='ocr_line' id='line_1_26' title="bbox 608 4076 2429 4178; baseline 0.006 -27"><span class='ocrx_word' id='word_1_283' title='bbox 608 4077 736 4176; x_wconf 91' lang='lat' dir='ltr'>Itaque</span> <span class='ocrx_word' id='word_1_284' title='bbox 766 4079 921 4151; x_wconf 89' lang='lat' dir='ltr'>dubitari</span> <span class='ocrx_word' id='word_1_285' title='bbox 949 4103 1019 4152; x_wconf 93' lang='lat' dir='ltr'>nou</span> <span class='ocrx_word' id='word_1_286' title='bbox 1048 4087 1166 4176; x_wconf 87' lang='lat' dir='ltr'>potest</span> <span class='ocrx_word' id='word_1_287' title='bbox 1190 4077 1274 4174; x_wconf 92' lang='lat' dir='ltr'>quin</span> <span class='ocrx_word' id='word_1_288' title='bbox 1303 4076 1436 4174; x_wconf 88' lang='lat' dir='ltr'>aliquid</span> <span class='ocrx_word' id='word_1_289' title='bbox 1464 4077 1581 4177; x_wconf 90' lang='lat' dir='ltr'>reipsa</span> <span class='ocrx_word' id='word_1_290' title='bbox 1608 4079 1642 4151; x_wconf 92' lang='lat' dir='ltr'>in</span> <span class='ocrx_word' id='word_1_291' title='bbox 1672 4080 1761 4152; x_wconf 86' lang='lat' dir='ltr'>Jure</span> <span class='ocrx_word' id='word_1_292' title='bbox 1790 4079 1972 4177; x_wconf 88' lang='lat' dir='ltr'>scripserit</span> <span class='ocrx_word' id='word_1_293' title='bbox 1995 4082 2253 4178; x_wconf 86' lang='lat' dir='ltr'>Macagnanus.</span> <span class='ocrx_word' id='word_1_294' title='bbox 2276 4087 2345 4160; x_wconf 89' lang='lat' dir='ltr'>Sed</span> <span class='ocrx_word' id='word_1_295' title='bbox 2374 4113 2429 4162; x_wconf 91' lang='lat' dir='ltr'>se·</span> 
     </span>
     <span class='ocr_line' id='line_1_27' title="bbox 608 4203 2426 4308; baseline 0.004 -30"><span class='ocrx_word' id='word_1_296' title='bbox 608 4207 790 4278; x_wconf 91' lang='lat' dir='ltr'>cundusne</span> <span class='ocrx_word' id='word_1_297' title='bbox 826 4229 871 4277; x_wconf 88' lang='lat' dir='ltr'>an</span> <span class='ocrx_word' id='word_1_298' title='bbox 907 4203 1058 4276; x_wconf 85' lang='lat' dir='ltr'>tertius?</span> <span class='ocrx_word' id='word_1_299' title='bbox 1086 4203 1164 4298; x_wconf 79' lang='lat' dir='ltr'>Ego</span> <span class='ocrx_word' id='word_1_300' title='bbox 1202 4203 1366 4300; x_wconf 88' lang='lat' dir='ltr'>equidem</span> <span class='ocrx_word' id='word_1_301' title='bbox 1403 4203 1546 4275; x_wconf 87' lang='lat' dir='ltr'>tertium</span> <span class='ocrx_word' id='word_1_302' title='bbox 1584 4204 1748 4278; x_wconf 86' lang='lat' dir='ltr'>arbitror.</span> <span class='ocrx_word' id='word_1_303' title='bbox 1778 4203 1872 4277; x_wconf 89' lang='lat' dir='ltr'>Nam</span> <span class='ocrx_word' id='word_1_304' title='bbox 1911 4206 2063 4305; x_wconf 92' lang='lat' dir='ltr'>primum</span> <span class='ocrx_word' id='word_1_305' title='bbox 2100 4211 2252 4308; x_wconf 88' lang='lat' dir='ltr'>scriptor</span> <span class='ocrx_word' id='word_1_306' title='bbox 2289 4212 2347 4286; x_wconf 89' lang='lat' dir='ltr'>ille</span> <span class='ocrx_word' id='word_1_307' title='bbox 2382 4240 2426 4287; x_wconf 86' lang='lat' dir='ltr'>ex</span> 
     </span>
     <span class='ocr_line' id='line_1_28' title="bbox 608 4326 2430 4432; baseline 0.005 -31"><span class='ocrx_word' id='word_1_308' title='bbox 608 4329 854 4427; x_wconf 83' lang='lat' dir='ltr'>Diplovatatio</span> <span class='ocrx_word' id='word_1_309' title='bbox 888 4327 955 4401; x_wconf 88' lang='lat' dir='ltr'>suit</span> <span class='ocrx_word' id='word_1_310' title='bbox 994 4350 1100 4426; x_wconf 79' lang='lat' dir='ltr'>pener</span> <span class='ocrx_word' id='word_1_311' title='bbox 1132 4326 1342 4420; x_wconf 64' lang='lat' dir='ltr'>Thesidae,-</span> <span class='ocrx_word' id='word_1_312' title='bbox 1370 4326 1495 4398; x_wconf 88' lang='lat' dir='ltr'>deinde</span> <span class='ocrx_word' id='word_1_313' title='bbox 1532 4351 1578 4400; x_wconf 82' lang='lat' dir='ltr'>ex</span> <span class='ocrx_word' id='word_1_314' title='bbox 1614 4329 1776 4402; x_wconf 89' lang='lat' dir='ltr'>omnibus</span> <span class='ocrx_word' id='word_1_315' title='bbox 1814 4330 2036 4427; x_wconf 76' lang='lat' dir='ltr'>auctoribuS,</span> <span class='ocrx_word' id='word_1_316' title='bbox 2067 4356 2142 4404; x_wconf 82' lang='lat' dir='ltr'>cum</span> <span class='ocrx_word' id='word_1_317' title='bbox 2177 4359 2344 4432; x_wconf 73' lang='lat' dir='ltr'>ariagnem</span> <span class='ocrx_word' id='word_1_318' title='bbox 2372 4340 2430 4410; x_wconf 87' lang='lat' dir='ltr'>sui</span> 
     </span>
     <span class='ocr_line' id='line_1_29' title="bbox 608 4453 2430 4554; baseline 0.005 -27"><span class='ocrx_word' id='word_1_319' title='bbox 608 4457 874 4552; x_wconf 72' lang='lat' dir='ltr'>expectationem</span> <span class='ocrx_word' id='word_1_320' title='bbox 900 4455 1047 4549; x_wconf 79' lang='lat' dir='ltr'>fecisset,</span> <span class='ocrx_word' id='word_1_321' title='bbox 1077 4453 1265 4525; x_wconf 90' lang='lat' dir='ltr'>immatura</span> <span class='ocrx_word' id='word_1_322' title='bbox 1294 4460 1408 4525; x_wconf 88' lang='lat' dir='ltr'>morte</span> <span class='ocrx_word' id='word_1_323' title='bbox 1437 4461 1561 4550; x_wconf 90' lang='lat' dir='ltr'>raptus</span> <span class='ocrx_word' id='word_1_324' title='bbox 1589 4453 1656 4526; x_wconf 89' lang='lat' dir='ltr'>luit</span> <span class='ocrx_word' id='word_1_325' title='bbox 1666 4481 1674 4549; x_wconf 79' lang='lat'>3</span> <span class='ocrx_word' id='word_1_326' title='bbox 1704 4479 1855 4550; x_wconf 91' lang='lat' dir='ltr'>qaorum</span> <span class='ocrx_word' id='word_1_327' title='bbox 1883 4455 1967 4527; x_wconf 91' lang='lat' dir='ltr'>illud</span> <span class='ocrx_word' id='word_1_328' title='bbox 1998 4457 2095 4554; x_wconf 93' lang='lat' dir='ltr'>prius</span> <span class='ocrx_word' id='word_1_329' title='bbox 2119 4458 2154 4530; x_wconf 94' lang='lat' dir='ltr'>in</span> <span class='ocrx_word' id='word_1_330' title='bbox 2175 4459 2287 4532; x_wconf 87' lang='lat' dir='ltr'>solum</span> <span class='ocrx_word' id='word_1_331' title='bbox 2307 4461 2430 4536; x_wconf 87' lang='lat' dir='ltr'>Maca·</span> 
     </span>
     <span class='ocr_line' id='line_1_30' title="bbox 607 4577 2429 4679; baseline 0.003 -26"><span class='ocrx_word' id='word_1_332' title='bbox 607 4605 765 4676; x_wconf 86' lang='lat' dir='ltr'>gnanum</span> <span class='ocrx_word' id='word_1_333' title='bbox 793 4581 861 4654; x_wconf 90' lang='lat' dir='ltr'>III.</span> <span class='ocrx_word' id='word_1_334' title='bbox 893 4579 1019 4652; x_wconf 89' lang='lat' dir='ltr'>eadere</span> <span class='ocrx_word' id='word_1_335' title='bbox 1048 4603 1151 4676; x_wconf 87' lang='lat' dir='ltr'>posse</span> <span class='ocrx_word' id='word_1_336' title='bbox 1180 4577 1318 4674; x_wconf 85' lang='lat' dir='ltr'>exiis,</span> <span class='ocrx_word' id='word_1_337' title='bbox 1348 4603 1439 4674; x_wconf 90' lang='lat' dir='ltr'>quae</span> <span class='ocrx_word' id='word_1_338' title='bbox 1470 4578 1572 4650; x_wconf 90' lang='lat' dir='ltr'>modo</span> <span class='ocrx_word' id='word_1_339' title='bbox 1601 4578 1772 4674; x_wconf 86' lang='lat' dir='ltr'>diximus,</span> <span class='ocrx_word' id='word_1_340' title='bbox 1802 4581 1947 4677; x_wconf 89' lang='lat' dir='ltr'>propius</span> <span class='ocrx_word' id='word_1_341' title='bbox 1975 4580 2078 4653; x_wconf 90' lang='lat' dir='ltr'>fidem</span> <span class='ocrx_word' id='word_1_342' title='bbox 2108 4593 2182 4679; x_wconf 76' lang='lat' dir='ltr'>est,</span> <span class='ocrx_word' id='word_1_343' title='bbox 2213 4583 2279 4657; x_wconf 91' lang='lat' dir='ltr'>hoc</span> <span class='ocrx_word' id='word_1_344' title='bbox 2309 4596 2429 4659; x_wconf 88' lang='lat' dir='ltr'>autem</span> 
     </span>
     <span class='ocr_line' id='line_1_31' title="bbox 609 4703 2429 4808; baseline 0.003 -30"><span class='ocrx_word' id='word_1_345' title='bbox 609 4707 785 4802; x_wconf 88' lang='lat' dir='ltr'>posterius</span> <span class='ocrx_word' id='word_1_346' title='bbox 814 4707 856 4778; x_wconf 93' lang='lat' dir='ltr'>de</span> <span class='ocrx_word' id='word_1_347' title='bbox 885 4705 1040 4779; x_wconf 89' lang='lat' dir='ltr'>seeundo</span> <span class='ocrx_word' id='word_1_348' title='bbox 1070 4703 1137 4775; x_wconf 92' lang='lat' dir='ltr'>dici</span> <span class='ocrx_word' id='word_1_349' title='bbox 1166 4727 1235 4776; x_wconf 89' lang='lat' dir='ltr'>uon</span> <span class='ocrx_word' id='word_1_350' title='bbox 1265 4711 1402 4800; x_wconf 89' lang='lat' dir='ltr'>potest,</span> <span class='ocrx_word' id='word_1_351' title='bbox 1434 4727 1539 4799; x_wconf 89' lang='lat' dir='ltr'>quem</span> <span class='ocrx_word' id='word_1_352' title='bbox 1567 4703 1708 4776; x_wconf 90' lang='lat' dir='ltr'>omnino</span> <span class='ocrx_word' id='word_1_353' title='bbox 1737 4728 1856 4776; x_wconf 90' lang='lat' dir='ltr'>senem</span> <span class='ocrx_word' id='word_1_354' title='bbox 1886 4705 2012 4778; x_wconf 90' lang='lat' dir='ltr'>obiisse</span> <span class='ocrx_word' id='word_1_355' title='bbox 2037 4731 2082 4778; x_wconf 86' lang='lat' dir='ltr'>ex</span> <span class='ocrx_word' id='word_1_356' title='bbox 2110 4707 2185 4779; x_wconf 90' lang='lat' dir='ltr'>eius</span> <span class='ocrx_word' id='word_1_357' title='bbox 2216 4711 2315 4782; x_wconf 83' lang='lat' dir='ltr'>Actis</span> <span class='ocrx_word' id='word_1_358' title='bbox 2348 4735 2429 4808; x_wconf 92' lang='lat' dir='ltr'>per·</span> 
     </span>
     <span class='ocr_line' id='line_1_32' title="bbox 606 4828 2427 4928; baseline 0.003 -24"><span class='ocrx_word' id='word_1_359' title='bbox 606 4831 726 4928; x_wconf 90' lang='lat' dir='ltr'>spicue</span> <span class='ocrx_word' id='word_1_360' title='bbox 755 4839 906 4904; x_wconf 88' lang='lat' dir='ltr'>constat.</span> <span class='ocrx_word' id='word_1_361' title='bbox 937 4831 1055 4920; x_wconf 85' lang='lat' dir='ltr'>Quare</span> <span class='ocrx_word' id='word_1_362' title='bbox 1086 4829 1346 4924; x_wconf 87' lang='lat' dir='ltr'>Maeagnauum</span> <span class='ocrx_word' id='word_1_363' title='bbox 1367 4828 1435 4900; x_wconf 92' lang='lat' dir='ltr'>III.</span> <span class='ocrx_word' id='word_1_364' title='bbox 1457 4853 1533 4901; x_wconf 92' lang='lat' dir='ltr'>esse</span> <span class='ocrx_word' id='word_1_365' title='bbox 1555 4837 1651 4925; x_wconf 91' lang='lat' dir='ltr'>puto,</span> <span class='ocrx_word' id='word_1_366' title='bbox 1673 4829 1772 4901; x_wconf 92' lang='lat' dir='ltr'>cuius</span> <span class='ocrx_word' id='word_1_367' title='bbox 1792 4831 1971 4924; x_wconf 89' lang='lat' dir='ltr'>ingenium</span> <span class='ocrx_word' id='word_1_368' title='bbox 1991 4839 2026 4903; x_wconf 92' lang='lat' dir='ltr'>ct</span> <span class='ocrx_word' id='word_1_369' title='bbox 2046 4831 2242 4906; x_wconf 89' lang='lat' dir='ltr'>doctrinam</span> <span class='ocrx_word' id='word_1_370' title='bbox 2264 4845 2427 4910; x_wconf 86' lang='lat' dir='ltr'>auctores</span> 
     </span>
     <span class='ocr_line' id='line_1_33' title="bbox 607 4953 2430 5050; baseline 0.003 -20"><span class='ocrx_word' id='word_1_371' title='bbox 607 4981 729 5030; x_wconf 91' lang='lat' dir='ltr'>omues</span> <span class='ocrx_word' id='word_1_372' title='bbox 748 4982 828 5029; x_wconf 91' lang='lat' dir='ltr'>cum</span> <span class='ocrx_word' id='word_1_373' title='bbox 847 4956 961 5029; x_wconf 80' lang='lat' dir='ltr'>exteri</span> <span class='ocrx_word' id='word_1_374' title='bbox 981 4963 1056 5028; x_wconf 90' lang='lat' dir='ltr'>tum</span> <span class='ocrx_word' id='word_1_375' title='bbox 1077 4953 1261 5028; x_wconf 85' lang='lat' dir='ltr'>domestici</span> <span class='ocrx_word' id='word_1_376' title='bbox 1282 4954 1368 5025; x_wconf 86' lang='lat' dir='ltr'>mire</span> <span class='ocrx_word' id='word_1_377' title='bbox 1389 4955 1607 5050; x_wconf 88' lang='lat' dir='ltr'>praedicant,</span> <span class='ocrx_word' id='word_1_378' title='bbox 1623 4963 1657 5026; x_wconf 91' lang='lat' dir='ltr'>et</span> <span class='ocrx_word' id='word_1_379' title='bbox 1678 4953 1721 5026; x_wconf 89' lang='lat' dir='ltr'>de</span> <span class='ocrx_word' id='word_1_380' title='bbox 1741 4978 1810 5050; x_wconf 92' lang='lat' dir='ltr'>quo</span> <span class='ocrx_word' id='word_1_381' title='bbox 1833 4953 2031 5027; x_wconf 82' lang='lat' dir='ltr'>Achillinus</span> <span class='ocrx_word' id='word_1_382' title='bbox 2051 4957 2146 5029; x_wconf 88' lang='lat' dir='ltr'>cauit</span> <span class='ocrx_word' id='word_1_383' title='bbox 2166 4959 2200 5029; x_wconf 96' lang='lat' dir='ltr'>in</span> <span class='ocrx_word' id='word_1_384' title='bbox 2227 4959 2430 5035; x_wconf 68' lang='lat' dir='ltr'>Vitularia:</span> 
     </span>
    </p>
   </div>
   <div class='ocr_carea' id='block_1_6' title="bbox 1136 5155 1893 5337">
    <p class='ocr_par' dir='ltr' id='par_1_7' title="bbox 1136 5155 1893 5337">
     <span class='ocr_line' id='line_1_34' title="bbox 1139 5155 1893 5242; baseline 0.001 -22"><span class='ocrx_word' id='word_1_385' title='bbox 1139 5157 1222 5230; x_wconf 85' lang='lat' dir='ltr'>Quel</span> <span class='ocrx_word' id='word_1_386' title='bbox 1241 5156 1277 5220; x_wconf 87' lang='lat' dir='ltr'>-d&#39;</span> <span class='ocrx_word' id='word_1_387' title='bbox 1291 5157 1470 5242; x_wconf 87' lang='lat' dir='ltr'>Azzoguidi</span> <span class='ocrx_word' id='word_1_388' title='bbox 1494 5178 1587 5220; x_wconf 91' lang='lat' dir='ltr'>nome</span> <span class='ocrx_word' id='word_1_389' title='bbox 1612 5158 1654 5220; x_wconf 87' lang='lat' dir='ltr'>ha</span> <span class='ocrx_word' id='word_1_390' title='bbox 1677 5155 1893 5242; x_wconf 77' lang='lat' dir='ltr'>MacaguanO,</span> 
     </span>
     <span class='ocr_line' id='line_1_35' title="bbox 1136 5263 1882 5337; baseline 0.001 -9"><span class='ocrx_word' id='word_1_391' title='bbox 1136 5264 1250 5337; x_wconf 85' lang='lat' dir='ltr'>Questi</span> <span class='ocrx_word' id='word_1_392' title='bbox 1273 5263 1335 5328; x_wconf 91' lang='lat' dir='ltr'>due</span> <span class='ocrx_word' id='word_1_393' title='bbox 1359 5265 1490 5328; x_wconf 87' lang='lat' dir='ltr'>serisser</span> <span class='ocrx_word' id='word_1_394' title='bbox 1515 5264 1613 5328; x_wconf 91' lang='lat' dir='ltr'>molto</span> <span class='ocrx_word' id='word_1_395' title='bbox 1637 5263 1669 5328; x_wconf 93' lang='lat' dir='ltr'>di</span> <span class='ocrx_word' id='word_1_396' title='bbox 1694 5286 1752 5328; x_wconf 87' lang='lat' dir='ltr'>sua</span> <span class='ocrx_word' id='word_1_397' title='bbox 1777 5287 1882 5330; x_wconf 81' lang='lat' dir='ltr'>niano.</span> 
     </span>
    </p>
   </div>
   <div class='ocr_carea' id='block_1_7' title="bbox 605 5449 2428 6180">
    <p class='ocr_par' dir='ltr' id='par_1_8' title="bbox 605 5449 2428 6180">
     <span class='ocr_line' id='line_1_36' title="bbox 712 5449 2426 5552; baseline 0.004 -23"><span class='ocrx_word' id='word_1_398' title='bbox 712 5457 761 5529; x_wconf 87' lang='lat' dir='ltr'>X.</span> <span class='ocrx_word' id='word_1_399' title='bbox 791 5455 877 5529; x_wconf 91' lang='lat' dir='ltr'>Illas</span> <span class='ocrx_word' id='word_1_400' title='bbox 906 5449 972 5550; x_wconf 84' lang='lat' dir='ltr'>ego</span> <span class='ocrx_word' id='word_1_401' title='bbox 994 5455 1260 5551; x_wconf 81' lang='lat' dir='ltr'>Disputationes</span> <span class='ocrx_word' id='word_1_402' title='bbox 1279 5478 1366 5549; x_wconf 88' lang='lat' dir='ltr'>quas</span> <span class='ocrx_word' id='word_1_403' title='bbox 1386 5455 1456 5526; x_wconf 88' lang='lat' dir='ltr'>iam</span> <span class='ocrx_word' id='word_1_404' title='bbox 1476 5453 1711 5551; x_wconf 85' lang='lat' dir='ltr'>Caecialupus</span> <span class='ocrx_word' id='word_1_405' title='bbox 1730 5479 1822 5528; x_wconf 89' lang='lat' dir='ltr'>saec.</span> <span class='ocrx_word' id='word_1_406' title='bbox 1844 5455 1929 5528; x_wconf 82' lang='lat' dir='ltr'>XV.</span> <span class='ocrx_word' id='word_1_407' title='bbox 1951 5465 1987 5527; x_wconf 93' lang='lat' dir='ltr'>et</span> <span class='ocrx_word' id='word_1_408' title='bbox 2010 5455 2300 5552; x_wconf 84' lang='lat' dir='ltr'>Diplovataccius</span> <span class='ocrx_word' id='word_1_409' title='bbox 2320 5461 2426 5535; x_wconf 85' lang='lat' dir='ltr'>XVI.</span> 
     </span>
     <span class='ocr_line' id='line_1_37' title="bbox 605 5577 2428 5682; baseline 0.003 -27"><span class='ocrx_word' id='word_1_410' title='bbox 605 5606 712 5655; x_wconf 88' lang='lat' dir='ltr'>raras</span> <span class='ocrx_word' id='word_1_411' title='bbox 735 5580 973 5681; x_wconf 89' lang='lat' dir='ltr'>appellarunt,</span> <span class='ocrx_word' id='word_1_412' title='bbox 995 5604 1152 5676; x_wconf 90' lang='lat' dir='ltr'>quasque</span> <span class='ocrx_word' id='word_1_413' title='bbox 1181 5578 1390 5652; x_wconf 91' lang='lat' dir='ltr'>Paneirolus</span> <span class='ocrx_word' id='word_1_414' title='bbox 1405 5577 1444 5641; x_wconf 75' lang='lat'>(³)</span> <span class='ocrx_word' id='word_1_415' title='bbox 1464 5581 1587 5652; x_wconf 88' lang='lat' dir='ltr'>eodem</span> <span class='ocrx_word' id='word_1_416' title='bbox 1617 5579 1722 5652; x_wconf 88' lang='lat' dir='ltr'>XVI.</span> <span class='ocrx_word' id='word_1_417' title='bbox 1743 5578 1884 5653; x_wconf 87' lang='lat' dir='ltr'>saeculo</span> <span class='ocrx_word' id='word_1_418' title='bbox 1904 5580 2105 5678; x_wconf 84' lang='lat' dir='ltr'>deperditas</span> <span class='ocrx_word' id='word_1_419' title='bbox 2130 5583 2289 5678; x_wconf 91' lang='lat' dir='ltr'>eredidit,</span> <span class='ocrx_word' id='word_1_420' title='bbox 2310 5585 2428 5682; x_wconf 89' lang='lat' dir='ltr'>reipsa</span> 
     </span>
     <span class='ocr_line' id='line_1_38' title="bbox 605 5703 2428 5804; baseline 0.002 -24"><span class='ocrx_word' id='word_1_421' title='bbox 605 5707 736 5782; x_wconf 90' lang='lat' dir='ltr'>nostris</span> <span class='ocrx_word' id='word_1_422' title='bbox 765 5706 862 5779; x_wconf 91' lang='lat' dir='ltr'>hisee</span> <span class='ocrx_word' id='word_1_423' title='bbox 892 5705 1110 5802; x_wconf 89' lang='lat' dir='ltr'>temporibus</span> <span class='ocrx_word' id='word_1_424' title='bbox 1135 5703 1355 5776; x_wconf 89' lang='lat' dir='ltr'>intercidisse</span> <span class='ocrx_word' id='word_1_425' title='bbox 1375 5704 1558 5777; x_wconf 88' lang='lat' dir='ltr'>existimo:</span> <span class='ocrx_word' id='word_1_426' title='bbox 1581 5729 1662 5776; x_wconf 90' lang='lat' dir='ltr'>nam</span> <span class='ocrx_word' id='word_1_427' title='bbox 1684 5705 1743 5777; x_wconf 93' lang='lat' dir='ltr'>diu</span> <span class='ocrx_word' id='word_1_428' title='bbox 1763 5705 2029 5800; x_wconf 86' lang='lat' dir='ltr'>diligentissime</span> <span class='ocrx_word' id='word_1_429' title='bbox 2050 5707 2266 5804; x_wconf 87' lang='lat' dir='ltr'>conquisitas</span> <span class='ocrx_word' id='word_1_430' title='bbox 2286 5711 2428 5784; x_wconf 93' lang='lat' dir='ltr'>omnino</span> 
     </span>
     <span class='ocr_line' id='line_1_39' title="bbox 606 5828 2428 5932; baseline 0.002 -27"><span class='ocrx_word' id='word_1_431' title='bbox 606 5833 761 5930; x_wconf 86' lang='lat' dir='ltr'>reperire</span> <span class='ocrx_word' id='word_1_432' title='bbox 801 5857 872 5904; x_wconf 92' lang='lat' dir='ltr'>non</span> <span class='ocrx_word' id='word_1_433' title='bbox 909 5830 1019 5928; x_wconf 90' lang='lat' dir='ltr'>potui.</span> <span class='ocrx_word' id='word_1_434' title='bbox 1064 5829 1158 5902; x_wconf 89' lang='lat' dir='ltr'>Nam</span> <span class='ocrx_word' id='word_1_435' title='bbox 1197 5829 1290 5925; x_wconf 93' lang='lat' dir='ltr'>quod</span> <span class='ocrx_word' id='word_1_436' title='bbox 1325 5828 1603 5901; x_wconf 85' lang='lat' dir='ltr'>Mazauchellius</span> <span class='ocrx_word' id='word_1_437' title='bbox 1640 5830 1782 5902; x_wconf 87' lang='lat' dir='ltr'>coniicit</span> <span class='ocrx_word' id='word_1_438' title='bbox 1820 5854 1890 5901; x_wconf 92' lang='lat' dir='ltr'>uon</span> <span class='ocrx_word' id='word_1_439' title='bbox 1929 5830 2150 5904; x_wconf 87' lang='lat' dir='ltr'>intercidisse</span> <span class='ocrx_word' id='word_1_440' title='bbox 2193 5835 2285 5930; x_wconf 91' lang='lat' dir='ltr'>quod</span> <span class='ocrx_word' id='word_1_441' title='bbox 2333 5836 2428 5932; x_wconf 89' lang='lat' dir='ltr'>apud</span> 
     </span>
     <span class='ocr_line' id='line_1_40' title="bbox 606 5953 2426 6056; baseline 0.001 -25"><span class='ocrx_word' id='word_1_442' title='bbox 606 5982 658 6031; x_wconf 93' lang='lat' dir='ltr'>co.</span> <span class='ocrx_word' id='word_1_443' title='bbox 689 5958 934 6053; x_wconf 84' lang='lat' dir='ltr'>Augustinum</span> <span class='ocrx_word' id='word_1_444' title='bbox 961 5955 1126 6028; x_wconf 90' lang='lat' dir='ltr'>Fontaua</span> <span class='ocrx_word' id='word_1_445' title='bbox 1141 5953 1180 6018; x_wconf 83' lang='lat'>(⁴)</span> <span class='ocrx_word' id='word_1_446' title='bbox 1200 5954 1269 6026; x_wconf 92' lang='lat' dir='ltr'>duo</span> <span class='ocrx_word' id='word_1_447' title='bbox 1300 5953 1519 6051; x_wconf 53' lang='lat' dir='ltr'>illaeapnani</span> <span class='ocrx_word' id='word_1_448' title='bbox 1551 5957 1714 6053; x_wconf 78' lang='lat' dir='ltr'>Grepcrii</span> <span class='ocrx_word' id='word_1_449' title='bbox 1745 5955 1964 6027; x_wconf 81' lang='lat' dir='ltr'>Bliebariaii</span> <span class='ocrx_word' id='word_1_450' title='bbox 1993 5957 2192 6054; x_wconf 69' lang='lat' dir='ltr'>Aesopuidi</span> <span class='ocrx_word' id='word_1_451' title='bbox 2230 5983 2338 6056; x_wconf 91' lang='lat' dir='ltr'>opera</span> <span class='ocrx_word' id='word_1_452' title='bbox 2374 5960 2426 6032; x_wconf 93' lang='lat' dir='ltr'>al-</span> 
     </span>
     <span class='ocr_line' id='line_1_41' title="bbox 605 6077 2425 6180; baseline 0.001 -24"><span class='ocrx_word' id='word_1_453' title='bbox 605 6092 722 6157; x_wconf 91' lang='lat' dir='ltr'>terum</span> <span class='ocrx_word' id='word_1_454' title='bbox 752 6083 805 6154; x_wconf 88' lang='lat' dir='ltr'>De</span> <span class='ocrx_word' id='word_1_455' title='bbox 834 6082 1009 6154; x_wconf 69' lang='lat' dir='ltr'>centuriati</span> <span class='ocrx_word' id='word_1_456' title='bbox 1038 6082 1209 6177; x_wconf 85' lang='lat' dir='ltr'>opinione,</span> <span class='ocrx_word' id='word_1_457' title='bbox 1238 6077 1389 6151; x_wconf 81' lang='lat' dir='ltr'>alterum</span> <span class='ocrx_word' id='word_1_458' title='bbox 1419 6080 1666 6171; x_wconf 70' lang='lat' dir='ltr'>Queaestionuur</span> <span class='ocrx_word' id='word_1_459' title='bbox 1689 6081 1790 6178; x_wconf 87' lang='lat' dir='ltr'>juris</span> <span class='ocrx_word' id='word_1_460' title='bbox 1826 6079 2007 6152; x_wconf 91' lang='lat' dir='ltr'>Bononiae</span> <span class='ocrx_word' id='word_1_461' title='bbox 2042 6082 2137 6154; x_wconf 91' lang='lat' dir='ltr'>edita</span> <span class='ocrx_word' id='word_1_462' title='bbox 2173 6094 2425 6180; x_wconf 86' lang='lat' dir='ltr'>memorentur,</span> 
     </span>
    </p>
   </div>
   <div class='ocr_carea' id='block_1_8' title="bbox 688 6395 2285 6555">
    <p class='ocr_par' dir='ltr' id='par_1_9' title="bbox 688 6395 2285 6555">
     <span class='ocr_line' id='line_1_42' title="bbox 688 6395 2285 6466; baseline -0.001 -15"><span class='ocrx_word' id='word_1_463' title='bbox 688 6400 727 6466; x_wconf 85' lang='grc'>(1)</span> <span class='ocrx_word' id='word_1_464' title='bbox 749 6399 809 6450; x_wconf 92' lang='lat' dir='ltr'>Vid.</span> <span class='ocrx_word' id='word_1_465' title='bbox 829 6414 903 6466; x_wconf 77' lang='lat' dir='ltr'>sup,</span> <span class='ocrx_word' id='word_1_466' title='bbox 922 6397 936 6463; x_wconf 68' lang='grc' dir='ltr'><strong>ξ</strong></span> <span class='ocrx_word' id='word_1_467' title='bbox 956 6395 1005 6448; x_wconf 83' lang='lat' dir='ltr'>IV.</span> <span class='ocrx_word' id='word_1_468' title='bbox 1624 6398 1662 6463; x_wconf 78' lang='grc' dir='ltr'>(Β)</span> <span class='ocrx_word' id='word_1_469' title='bbox 1681 6395 1722 6448; x_wconf 88' lang='lat' dir='ltr'>De</span> <span class='ocrx_word' id='word_1_470' title='bbox 1741 6396 1815 6448; x_wconf 83' lang='lat' dir='ltr'>Clar.</span> <span class='ocrx_word' id='word_1_471' title='bbox 1835 6396 1898 6462; x_wconf 75' lang='lat' dir='ltr'>Lep.</span> <span class='ocrx_word' id='word_1_472' title='bbox 1919 6397 2047 6464; x_wconf 71' lang='lat' dir='ltr'>interpr,</span> <span class='ocrx_word' id='word_1_473' title='bbox 2066 6398 2113 6449; x_wconf 93' lang='lat' dir='ltr'>lib.</span> <span class='ocrx_word' id='word_1_474' title='bbox 2133 6398 2179 6463; x_wconf 83' lang='lat' dir='ltr'>IL,</span> <span class='ocrx_word' id='word_1_475' title='bbox 2198 6415 2222 6451; x_wconf 92' lang='lat' dir='ltr'>c.</span> <span class='ocrx_word' id='word_1_476' title='bbox 2242 6402 2285 6450; x_wconf 86' lang='grc'>65.</span> 
     </span>
     <span class='ocr_line' id='line_1_43' title="bbox 688 6486 2245 6555; baseline -0.001 -15"><span class='ocrx_word' id='word_1_477' title='bbox 688 6490 727 6555; x_wconf 88' lang='grc'>(2)</span> <span class='ocrx_word' id='word_1_478' title='bbox 746 6487 808 6540; x_wconf 84' lang='lat' dir='ltr'>Vid.</span> <span class='ocrx_word' id='word_1_479' title='bbox 828 6488 856 6538; x_wconf 92' lang='lat' dir='ltr'>in</span> <span class='ocrx_word' id='word_1_480' title='bbox 875 6487 1055 6551; x_wconf 80' lang='lat' dir='ltr'>Bliobarixio,</span> <span class='ocrx_word' id='word_1_481' title='bbox 1073 6487 1088 6552; x_wconf 67' lang='grc' dir='ltr'>ξ</span> <span class='ocrx_word' id='word_1_482' title='bbox 1108 6486 1180 6539; x_wconf 85' lang='lat' dir='ltr'>XLI.</span> <span class='ocrx_word' id='word_1_483' title='bbox 1624 6489 1663 6552; x_wconf 79' lang='lat'>(4)</span> <span class='ocrx_word' id='word_1_484' title='bbox 1683 6486 1715 6537; x_wconf 90' lang='lat' dir='ltr'>Iu</span> <span class='ocrx_word' id='word_1_485' title='bbox 1734 6486 1898 6538; x_wconf 75' lang='lat' dir='ltr'>Bibliotheca</span> <span class='ocrx_word' id='word_1_486' title='bbox 1918 6486 2022 6553; x_wconf 77' lang='lat' dir='ltr'>Lepeli,</span> <span class='ocrx_word' id='word_1_487' title='bbox 2042 6491 2060 6537; x_wconf 90' lang='lat' dir='ltr'>t.</span> <span class='ocrx_word' id='word_1_488' title='bbox 2080 6487 2111 6548; x_wconf 89' lang='lat' dir='ltr'>I.,</span> <span class='ocrx_word' id='word_1_489' title='bbox 2131 6488 2181 6539; x_wconf 90' lang='lat' dir='ltr'>col.</span> <span class='ocrx_word' id='word_1_490' title='bbox 2202 6491 2245 6539; x_wconf 77' lang='lat'>52.</span> 
     </span>
    </p>
   </div>
   <div class='ocr_carea' id='block_1_9' title="bbox 0 0 2776 7750">
    <p class='ocr_par' dir='ltr' id='par_1_10' title="bbox 0 0 2776 7750">
     <span class='ocr_line' id='line_1_44' title="bbox 0 0 2776 7750; baseline 0 0"><span class='ocrx_word' id='word_1_491' title='bbox 0 0 2776 7750; x_wconf 95' lang='lat' dir='ltr'> </span> 
     </span>
    </p>
   </div>
  </div>
 </body>
</html>
