5490 7750
585 627 661 698 100
1370 649 1611 701 ammaus

579 805 754 891 significare
771 804 954 889 procurabo.
972 803 1125 890 Popaittm
1150 827 1313 868 contonam
1338 812 1365 869 el
1390 806 1506 890 repulia
1528 807 1627 869 stettctt'
1651 805 1746 873 Part.
1762 807 1843 888 juro
1867 815 1894 870 et
1910 807 2143 889 jortslorioos
2166 812 2262 892 ipsius
2284 817 2310 873 et
2334 833 2400 873 stec-

580 933 730 976 cessorum
753 933 881 976 auorum
911 934 947 976 ao
979 933 1104 976 cornone
1134 911 1265 976 Ecclesia
1294 919 1358 976 torn
1389 914 1421 974 in
1450 912 1507 975 boc
1529 915 1647 976 cirilole
1669 915 1793 997 ejttsqoe
1816 917 1970 977 territano
1992 923 2019 977 et
2041 915 2192 989 districto,
2214 938 2306 1000 quam
2328 919 2403 980 olt'lo'

579 1017 762 1103 abicumque
785 1020 953 1100 monto,
968 1018 1094 1082 adiutor
1115 1039 1166 1081 ero
1189 1021 1217 1082 ei
1239 1025 1267 1081 et
1291 1021 1364 1103 ipsis
1386 1018 1605 1082 successoribus
1627 1041 1663 1082 oc
1685 1017 1818 1082 Ecclesic
1840 1020 1883 1081 od
1906 1022 2100 1083 retinendam
2124 1029 2151 1084 et
2173 1023 2399 1104 desotdcttdum

579 1133 607 1190 et
630 1126 878 1210 recuperandum
900 1133 928 1190 ot
950 1133 1130 1210 recttperoto
1154 1126 1415 1189 attonutcttcttduttt
1438 1134 1545 1189 contro
1568 1149 1686 1190 ottutcttt
1709 1127 1882 1199 botrium.-
1903 1129 1946 1190 sic
1976 1150 2023 1191 nte
2045 1127 2133 1192 Dorta
2154 1129 2277 1212 adjuret
2300 1139 2327 1194 et
2349 1131 2401 1195 lo·

579 1240 685 1298 sunda
707 1233 770 1298 Do·
792 1232 962 1318 Eronpelt'o
986 1259 1016 1298 ›.
1049 1279 2398 1302 .........................................

580 1389 1328 1406 .......................
1355 1340 1475 1404 Datum
1500 1341 1654 1405 Atinioni
1678 1354 1793 1427 quarto
1818 1341 1888 1404 idus
1912 1342 2062 1408 octobris.
2080 1344 2285 1428 pontificatus
2301 1349 2401 1410 nostri

580 1469 666 1512 anno
690 1457 816 1534 quarto.

1444 1663 1533 1727 LXI.

1332 1879 1429 1960 1338,
1455 1881 1497 1942 12
1519 1878 1654 1942 coroa-ia.

806 2093 860 2156 Ex
884 2093 997 2158 eodem
1021 2101 1108 2156 tomo
1134 2092 1252 2155 Codicis
1274 2093 1399 2176 diplom.
1423 2091 1550 2159 Ionon..
1575 2114 1661 2155 nunt.
1686 2091 1841 2161 LXXV..
1865 2115 1892 2157 c.
1921 2097 1982 2156 119
2007 2116 2032 2156 r.
2057 2108 2089 2156 et
2112 2116 2178 2179 seq.

667 2306 863 2370 Benedictus
887 2305 1071 2392 episeopus,
1096 2327 1209 2368 sertus
1232 2327 1399 2370 sertorum
1422 2305 1504 2388 Dei,
1529 2306 1646 2369 dilecto
1677 2307 1743 2371 lilio
1771 2307 1927 2391 magistro
1952 2307 2094 2392 Guigoni
2117 2307 2157 2370 de
2185 2323 2295 2372 sancto
2320 2309 2400 2373 Ger·

579 2435 686 2493 mano,
713 2413 839 2478 notario
865 2421 985 2495 nostro,
1007 2413 1216 2498 Apostolicae
1242 2412 1335 2476 Sedis
1359 2414 1487 2494 nuncio,
1512 2413 1704 2476 salutemet
1728 2415 1938 2499 apostolicam
1961 2414 2228 2478 benedictionem.

666 2521 882 2585 Venientibus
907 2543 1010 2608 nuper
1033 2520 1074 2584 ad
1098 2520 1322 2607 Apostolicam
1348 2520 1464 2584 Sedem
1481 2521 1606 2584 dilectis
1623 2523 1666 2584 fili
1667 2524 1698 2605 js
1715 2523 1870 2606 magistro
1894 2522 1998 2585 Paulo
2015 2523 2054 2586 de
2071 2523 2241 2607 Liazarijs.
2258 2525 2401 2587 decreto-

578 2652 650 2692 rum
678 2638 709 2693 et
740 2629 968 2714 Machagnano
991 2628 1031 2692 de
1056 2628 1253 2713 Aezoguidis
1276 2649 1313 2692 ac
1337 2627 1436 2692 Petro
1460 2628 1499 2691 de
1523 2629 1726 2714 Bonipetris.
1750 2631 1860 2713 legum
1883 2629 2084 2697 doctoribus.
2109 2631 2400 2703 ambaxiatoribus,

579 2759 616 2801 ac
642 2737 791 2801 Rolaudo
815 2737 978 2823 quondam
1001 2735 1161 2801 Johannis
1184 2735 1224 2799 de
1248 2735 1434 2820 Fantueijs,
1459 2737 1582 2800 sindico
1606 2753 1637 2799 et
1663 2755 1870 2822 procuratore
1894 2753 1925 2800 et
1951 2739 2067 2800 nuncio
2090 2739 2222 2823 speciali
2246 2740 2402 2802 universi-

579 2846 666 2928 tatis,
691 2844 877 2909 Communis
900 2851 932 2908 et
955 2844 1074 2930 Populi
1097 2843 1354 2923 bononiensium,
1375 2844 1499 2907 civibus
1524 2845 1786 2910 bononiensibus,
1803 2867 1840 2908 ac
1865 2866 1974 2907 coram
1999 2845 2090 2907 nobis
2114 2861 2145 2908 et
2171 2845 2325 2908 fratribus
2348 2867 2403 2909 uo·

578 2952 653 3016 stris
673 2953 704 3015 in
723 2952 912 3016 consistorio
936 2951 1065 3038 publico
1083 2951 1353 3037 comparentibus,
1372 2973 1410 3015 ac
1428 2952 1606 3037 predictum
1623 2952 1779 3014 sindicum
1797 2952 1968 3014 sindicario
1985 2967 2016 3014 et
2034 2954 2253 3037 procuratorio
2275 2954 2402 3016 nomine

579 3059 842 3124 constituentium
854 3059 1072 3145 predictorum
1089 3059 1251 3123 nonnullis
1268 3081 1379 3122 coram
1396 3059 1487 3121 nobis
1504 3077 1535 3122 et
1553 3059 1646 3122 dictis
1663 3059 1817 3121 fratribus
1834 3061 1864 3122 in
1882 3059 1995 3122 eodem
2012 3062 2203 3122 concistorio
2219 3061 2401 3144 recognitis,

578 3169 669 3250 actis,
694 3169 805 3254 gestis,
830 3168 1005 3252 promissis,
1023 3166 1117 3250 datis,
1135 3168 1327 3248 constitutis,
1346 3167 1450 3237 latetis,
1474 3167 1592 3230 habitis
1615 3182 1646 3230 et
1668 3169 1796 3251 juratis.
1821 3189 1879 3230 nos
1902 3189 2000 3252 super
2022 3169 2069 3230 eis
2092 3185 2124 3230 et
2149 3169 2187 3231 iis
2210 3169 2319 3248 etiam,
2340 3189 2401 3252 que

578 3298 637 3362 per
659 3297 717 3339 nos
741 3276 781 3338 de
805 3275 964 3339 dictorum
987 3275 1124 3338 fratrum
1148 3275 1284 3339 consilio
1308 3297 1461 3338 concessa
1486 3290 1517 3338 et
1541 3274 1696 3360 disposita
1728 3275 1858 3338 fuerunt
1889 3276 1990 3339 literis
2019 3277 2107 3339 bulla
2139 3293 2248 3339 nostra
2272 3276 2402 3338 bullatis

579 3383 621 3446 ad
644 3396 833 3469 perpetuam
858 3383 904 3446 rei
928 3383 1115 3446 memoriam
1139 3383 1209 3446 fieri
1233 3382 1368 3445 fecimus
1392 3383 1424 3444 in
1449 3383 1507 3446 hec
1532 3384 1650 3445 rerba:
1675 3383 1859 3446 Benedictus
1881 3400 1942 3446 etc.
1959 3383 2002 3443 od
2018 3393 2199 3467 permanat
2226 3386 2271 3446 rei
2293 3405 2402 3445 tttctoo·

579 3493 660 3554 riom
684 3502 744 3554 etc.
769 3511 870 3576 usque
895 3491 926 3554 in
952 3491 1058 3554 finem.
1082 3489 1133 3555 De
1158 3497 1212 3553 tue
1236 3491 1336 3575 igitur
1359 3491 1654 3576 circumspectionis
1679 3491 1834 3553 industria
1859 3491 1891 3552 in
1925 3493 2051 3575 ntagnis
2075 3507 2106 3553 et
2132 3491 2242 3553 arduis
2265 3506 2399 3576 experta

579 3601 720 3684 negotijs
743 3608 774 3662 et
798 3597 1006 3661 laudabiliter
1028 3597 1256 3683 comprobata,
1282 3598 1421 3682 fideique
1446 3599 1625 3661 constantia
1651 3599 1780 3683 plenam
1805 3599 1835 3661 in
1860 3597 2000 3661 Domino
2029 3598 2179 3661 fiduciam
2203 3599 2401 3671 obtinentes,

577 3706 762 3770 discretioni
785 3714 840 3770 tue
864 3728 922 3792 per
946 3705 1124 3792 apostoliea
1148 3707 1267 3791 scripta
1292 3707 1521 3769 conmtittimus
1545 3721 1577 3769 et
1600 3706 1808 3773 mandamus.
1833 3723 1992 3790 quatenus
2015 3720 2126 3768 tenore
2149 3706 2307 3768 dictarum
2331 3706 2401 3768 lite·

578 3835 688 3877 rarum
711 3814 884 3898 diligenter
914 3814 1077 3899 inspecto,
1101 3824 1197 3898 teque
1226 3813 1267 3875 ad
1301 3813 1483 3883 civitatem.
1506 3815 1693 3877 comitatum
1724 3826 1756 3876 et
1789 3813 1970 3876 districtum
2000 3813 2214 3876 bononienses
2242 3812 2401 3897 predictos

577 3922 792 4008 personaliter
814 3922 994 3991 conferens,
1011 3921 1169 4006 dictisque
1192 3922 1407 3989 universitati,
1425 3921 1596 3985 Communi
1618 3936 1650 3984 et
1674 3920 1801 4006 Populo
1824 3921 1964 3983 civitatis
1987 3921 2133 4003 ejusdcm
2150 3920 2284 4005 prelatis
2299 3921 2400 3983 literis

577 4031 750 4116 publicatis
773 4030 961 4093 solemniter
983 4044 1014 4092 et
1038 4030 1194 4115 expositis
1216 4029 1408 4114 diligenter,
1433 4030 1583 4114 factaque
1606 4030 1695 4114 prius
1720 4051 1855 4114 percos
1879 4030 2059 4097 actualiter,
2084 4030 2215 4092 realiter
2234 4035 2266 4092 et
2289 4051 2400 4114 corpo-

578 4138 689 4200 raliter
713 4137 915 4200 restitutione
939 4150 971 4200 et
995 4138 1215 4221 assignatione
1239 4138 1417 4223 corporalis
1438 4138 1651 4222 possessionis
1667 4145 1699 4200 et
1715 4138 1818 4221 quasi,
1836 4137 1987 4202 civitatis.
2004 4137 2175 4199 comitatus
2191 4150 2223 4199 et
2240 4136 2402 4199 districtus

577 4246 804 4331 predictorum.
821 4267 859 4308 ac
878 4245 956 4308 meri
972 4260 1005 4308 et
1023 4245 1115 4308 mixti
1132 4245 1259 4330 iutperij
1284 4267 1323 4308 ao
1347 4245 1530 4308 omnimode
1544 4245 1777 4327 jurisdictionis
1800 4261 2045 4329 ceterorumque
2059 4245 2180 4327 jurium
2201 4245 2343 4329 ipsorum
2359 4244 2400 4307 ad

578 4376 635 4416 nos
656 4371 688 4416 et
712 4374 879 4415 romanam
905 4352 1085 4415 Ecclesiam
1101 4353 1197 4437 pleno
1211 4354 1285 4436 jure
1302 4353 1518 4437 spectantium
1534 4353 1603 4419 tibi.
1620 4353 1788 4437 recipienti
1809 4366 1918 4414 nostro
1934 4364 1966 4414 et
1982 4373 2205 4413 successorum
2220 4367 2400 4414 nostrorum

575 4483 613 4524 ac
637 4482 771 4524 romane
795 4460 939 4523 Ecclesia
955 4460 1173 4546 predictorum
1189 4460 1332 4526 nomine.
1350 4482 1388 4522 ac
1405 4482 1463 4545 per
1478 4474 1521 4527 te.
1539 4461 1667 4523 nomine
1684 4459 1879 4545 supradicto.
1896 4459 2081 4542 hujusmodi
2098 4459 2179 4521 reali
2194 4472 2226 4521 et
2242 4458 2401 4544 corporali

576 4570 779 4654 possessione
802 4584 834 4631 et
857 4569 951 4653 quasi
973 4580 1103 4654 recepta
1127 4582 1158 4631 et
1183 4568 1388 4653 apprehensa
1412 4583 1444 4630 et
1468 4567 1578 4630 habita
1603 4568 1736 4652 pacifice
1759 4580 1791 4630 et
1815 4567 1938 4652 quiete.
1962 4567 2056 4630 factis
2080 4567 2178 4629 etiam
2202 4588 2260 4651 per
2283 4567 2399 4630 consti·

577 4685 703 4739 tuentes
727 4676 856 4738 eosdem
881 4677 1165 4761 recognitionibus.
1190 4675 1471 4743 ratificationiltus,
1496 4675 1782 4760 acceptationibus.
1800 4675 2077 4740 affirmationibus.
2093 4673 2399 4754 confirmationibus,

576 4783 868 4868 emologttionibus
892 4805 964 4847 cunt
984 4785 1243 4867 jummentorum
1269 4784 1539 4869 prestationibus.
1563 4783 1816 4867 obligationibus
1851 4804 1979 4867 quoque
2011 4803 2109 4867 super
2139 4781 2225 4844 dicto
2248 4803 2345 4844 censu
2369 4794 2400 4844 et

575 4892 650 4974 alijs
674 4892 823 4954 omnibus
845 4907 878 4954 et
901 4892 1038 4974 siugulis
1062 4893 1222 4956 contentis
1246 4892 1278 4954 in
1302 4891 1396 4954 dictis
1419 4891 1522 4953 literis
1545 4890 1706 4959 distincte.
1729 4891 1915 4976 specialiter
1936 4904 1969 4953 et
1991 4911 2155 4974 expresse.
2176 4910 2214 4952 ac
2237 4889 2400 4974 premissis

575 5000 724 5062 omnibus
744 5001 841 5082 juxta
864 4999 1104 5084 promissiones,
1122 5000 1337 5084 obligationes
1360 5014 1393 5062 et
1414 5001 1599 5082 juramenta
1624 4998 1700 5061 dicti
1717 4999 1831 5061 sindici
1853 5019 1891 5060 ac
1914 4997 2090 5060 secundum
2108 4997 2248 5063 nudum.
2264 4996 2400 5060 formam

573 5122 606 5170 et
630 5107 774 5170 ordinent
799 5107 831 5169 in
854 5107 975 5170 eisdem
999 5107 1102 5169 literis
1125 5107 1243 5169 nostris
1267 5127 1441 5192 expressos
1462 5106 1570 5169 debite
1591 5121 1623 5168 et
1639 5106 1812 5169 efficaciter
1833 5106 2027 5191 adimpletis,
2045 5120 2076 5168 et
2093 5104 2133 5168 de
2149 5105 2188 5167 iis
2204 5105 2351 5168 omnibus
2367 5113 2399 5168 et

574 5215 711 5298 singulis
735 5213 890 5277 conlectis
913 5214 1052 5299 publicis
1077 5215 1298 5277 instrumentis
1324 5216 1420 5297 juxta
1453 5214 1611 5277 dictarum
1642 5214 1809 5276 literarum
1841 5214 1975 5280 seriem.
2000 5212 2093 5275 nobis
2115 5211 2324 5297 quantocius,
2348 5212 2400 5274 tel

574 5323 690 5385 saltem
715 5323 798 5385 inira
822 5321 1001 5407 predictam
1025 5323 1172 5407 proxime
1196 5321 1340 5384 summm
1364 5321 1504 5384 mediam
1527 5321 1810 5406 quadragesimam
1834 5321 1972 5384 fideliter
1994 5319 2194 5383 destinandis
2216 5332 2248 5382 et
2270 5319 2401 5382 realiter

574 5430 789 5514 assignandis
806 5444 852 5496 tu.
869 5445 941 5515 post
963 5431 1216 5515 assignationem
1241 5428 1426 5512 hujusmodi
1450 5429 1593 5515 predicta
1618 5431 1725 5493 ttrnnia
1749 5430 1911 5514 postulata
1936 5443 1968 5491 et
1993 5429 2095 5513 petita
2118 5449 2176 5513 per
2199 5427 2319 5490 dictum
2334 5427 2399 5489 siu·

573 5539 681 5602 dicum
704 5538 882 5602 secondum
905 5539 1150 5625 dispositionem
1174 5554 1317 5602 nostram
1341 5539 1373 5600 in
1397 5538 1500 5602 literis
1524 5539 1661 5623 prelatis
1683 5559 1882 5624 expressam,
1899 5559 1972 5600 cunt
1990 5537 2138 5600 omnihus
2154 5535 2399 5616 conditionibus,

575 5647 751 5711 bonoribus
774 5660 805 5710 et
830 5648 993 5730 oneribus,
1018 5669 1055 5710 ac
1079 5647 1182 5710 modis
1206 5660 1237 5710 et
1261 5647 1373 5711 formis
1398 5649 1558 5711 enarratis
1581 5648 1613 5710 in
1638 5647 1741 5710 literis
1763 5646 1967 5731 supradictis.
1988 5644 2111 5708 eisdem
2134 5644 2313 5724 Communi,
2330 5643 2400 5706 uni·

573 5756 720 5819 versitati
742 5771 775 5818 et
799 5755 936 5841 Populo.
954 5755 1132 5840 apostolica
1156 5756 1360 5836 auctoritate,
1381 5754 1540 5818 concedas
1563 5754 1603 5818 dc
1628 5770 1736 5817 nostra
1761 5769 1792 5817 et
1816 5755 1917 5839 ipsius
1941 5752 2035 5816 Sedis
2063 5753 2169 5837 gratia
2192 5750 2340 5836 speciali,
2362 5771 2399 5813 ac

573 5864 752 5949 predictam
775 5865 970 5927 seutentiam
993 5863 1175 5945 interdicti,
1200 5863 1252 5926 cui
1275 5863 1405 5933 civitas,
1429 5863 1601 5926 cotttitatus
1624 5875 1656 5926 et
1685 5863 1849 5926 districtus
1879 5861 2016 5947 predicti
2047 5882 2085 5922 ac
2113 5859 2339 5922 universitates
2367 5865 2399 5921 et

574 5973 754 6035 communia
780 5971 967 6034 corumdem
999 5989 1133 6058 propter
1163 5973 1317 6056 premissa
1350 5969 1522 6053 subjacere
1554 5986 1739 6036 noscuntur.
1763 5991 1937 6052 ontnesqae
1960 5968 2156 6035 sententias.
2179 5981 2277 6051 atque
2299 5987 2399 6051 penas

573 6102 632 6165 per
654 6079 757 6142 dictos
782 6101 951 6166 prmassus
973 6096 1007 6143 et
1030 6079 1292 6143 constitutionem
1315 6078 1463 6162 ejusdem
1486 6076 1660 6160 Bonilacij.
1678 6098 1740 6162 que
1764 6077 1892 6162 incipit:
1910 6075 2038 6138 Felicis:
2053 6093 2086 6137 et
2110 6075 2191 6137 alios
2207 6094 2346 6137 canones
2362 6094 2398 6135 ao

572 6188 785 6273 provincialia
809 6200 841 6250 et
864 6188 1023 6250 sinodalia
1054 6201 1176 6250 statuta
1210 6201 1322 6249 contra
1353 6186 1455 6250 dictos
1488 6185 1671 6253 cititatem.
1696 6183 1891 6250 Cottmtune.
1915 6184 2160 6246 uniuersitatem
2184 6190 2216 6244 et
2239 6181 2399 6266 Populum

573 6295 799 6363 bononienses.
825 6316 863 6358 ac
887 6295 1074 6358 comitatum
1098 6310 1130 6358 et
1155 6293 1335 6357 districtum
1359 6293 1502 6380 ipsorum
1526 6308 1592 6356 taut
1617 6314 1715 6378 super
1736 6291 1918 6378 privatione
1943 6290 2050 6374 Studij
2075 6289 2238 6375 generalis
2260 6288 2399 6352 civitatis

573 6400 730 6485 ejusdem
747 6401 954 6488 ttrttniumque
978 6401 1233 6487 privilegiorum,
1249 6399 1527 6485 indulgentiarum
1551 6414 1583 6463 et
1606 6400 1785 6485 gratiarum
1809 6398 2060 6484 apostolicorum
2076 6411 2108 6460 et
2125 6395 2350 6482 imperialium,
2367 6401 2399 6457 et

572 6509 614 6570 ab
638 6508 710 6570 aliis
735 6509 990 6593 quilutscuntque
1013 6529 1239 6573 concessorum
1263 6507 1399 6579 eisdem,
1425 6529 1522 6593 qnam
1546 6509 1628 6571 alias
1651 6505 1891 6592 qttontololibet
1916 6505 2085 6568 taeasione
2108 6503 2266 6567 dictorum
2289 6523 2398 6566 exces-
