5544 7750
1082 691 1272 741 APPENDIX
1299 690 1449 741 ALTERA

345 848 415 930 ejus
441 846 587 932 epistole,
605 866 685 932 quas
709 845 816 910 emisit
839 846 872 910 in
896 868 950 910 eos
974 847 1058 932 stylo
1083 847 1228 909 innume-

344 953 463 1017 rabiles
480 974 580 1039 pene;
598 953 714 1038 quibus
739 975 843 1038 reges,
859 953 1026 1040 pontifices
1043 961 1075 1018 et
1099 951 1230 1036 augusti

345 1082 457 1124 earum
481 1061 648 1125 sententiis
672 1082 710 1125 ac
726 1061 887 1147 gravitate
908 1062 997 1144 moti,
1015 1061 1056 1124 ad
1079 1083 1113 1125 se
1139 1061 1230 1123 illum

254 1221 258 1230 .
344 1168 472 1232 trahere
497 1168 740 1232 incredibilibus
764 1169 989 1232 emolumentis
1013 1169 1120 1232 conati
1144 1174 1228 1231 sunt.

345 1274 408 1338 Sed
441 1277 511 1360 ejus
539 1275 666 1340 celestis
697 1276 825 1340 bonitas
850 1325 1091 1341 ........
1121 1282 1229 1340 nostre

343 1383 447 1468 patrie
472 1383 550 1447 vicit
572 1382 776 1468 pontificum,
801 1405 915 1468 regum
947 1390 980 1447 et
1007 1383 1137 1468 augusti
1160 1404 1229 1446 mu·

344 1511 433 1554 nera.
450 1490 567 1554 Maluit
590 1491 691 1555 sermo
715 1491 778 1555 dici
795 1491 1016 1556 Cancellarius
1040 1490 1229 1555 florentinus

342 1597 401 1661 sub
434 1598 580 1662 modesta
612 1599 753 1684 quadam
780 1598 994 1663 delectatione
1026 1619 1098 1662 cum
1123 1597 1229 1662 erudi·

344 1705 466 1770 tissima
501 1714 597 1790 atque
625 1705 734 1769 divino
762 1707 869 1769 auimo
893 1706 1016 1770 civibus
1040 1705 1228 1787 florentinis,

312 1853 314 1856 .
340 1813 443 1876 veluti
467 1861 736 1877 .........
767 1813 1026 1898 supradictarum
1056 1814 1227 1895 virtutum,

342 1967 752 1984 .............
782 1942 878 2006 quam
905 1921 938 1984 iu
968 1920 1226 2008 pontificalibus,

341 2028 409 2090 sive
434 2026 659 2111 augustalibus
683 2028 773 2091 atriis
804 2050 876 2092 cum
900 2029 1053 2093 clientum
1077 2029 1226 2112 catervis,

343 2158 416 2201 oum
439 2137 563 2222 ingenti
588 2137 778 2202 arroteritate
799 2159 972 2224 pomposus
988 2140 1140 2225 conspici.
1157 2139 1226 2204 Nec

339 2245 456 2308 mirum
479 2250 538 2325 cst,
556 2244 674 2330 quippe
695 2243 845 2309 Oolucius
867 2267 992 2309 morum
1015 2267 1053 2310 ac
1070 2247 1225 2310 virtutum

340 2351 431 2415 fenix
454 2351 486 2415 in
514 2358 581 2416 toto
614 2351 708 2435 orbe,
733 2352 908 2417 nobilitans
936 2374 1000 2416 non
1031 2355 1136 2418 solum
1167 2375 1224 2440 pa·

338 2460 436 2522 triam
465 2459 521 2522 sed
543 2459 710 2545 Europam
733 2481 871 2542 omnem,
888 2481 960 2524 cum
977 2483 1041 2524 non
1063 2461 1157 2525 modo
1174 2483 1224 2525 re·

338 2573 511 2653 presentet,
529 2566 585 2630 sed
610 2567 708 2630 etiem
731 2567 868 2631 excedat
889 2568 1020 2653 ingenia
1036 2576 1225 2632 cunctorum

342 2681 487 2738 veterum
510 2679 689 2758 poctarum.
707 2673 781 2760 Ipse
799 2675 885 2738 enim
902 2676 1009 2740 omnia
1026 2676 1153 2740 dicendi
1169 2697 1225 2762 ge-

342 2802 421 2846 nera
445 2782 591 2867 prosaico
619 2789 651 2846 et
674 2783 806 2846 metrice
830 2782 917 2846 solus
941 2784 1031 2847 novit
1046 2805 1116 2847 eum
1135 2790 1226 2847 tauta

339 2889 487 2953 ubertate
516 2889 677 2971 doctrine,
703 2889 789 2974 quod
812 2890 937 2954 nescias
960 2898 1069 2955 utrum
1092 2891 1225 2977 profun-

340 2995 411 3058 dius
435 3018 477 3059 an
502 2996 646 3060 ornatius
671 2996 804 3082 expleat
827 3018 920 3061 omne
946 3019 1035 3084 opus.
1068 2999 1108 3062 Ei
1131 2998 1224 3062 fami·

339 3103 510 3166 liarissime
535 3111 610 3166 sunt
625 3104 758 3168 historie
776 3125 1050 3190 quarumcumque
1067 3107 1223 3191 gentium,

339 3217 477 3296 suntque
502 3212 532 3274 ei
555 3233 668 3275 sensus
693 3211 877 3276 fabularum
899 3213 1067 3277 notissimi.
1084 3213 1127 3278 Et
1151 3215 1223 3279 bre-

338 3321 420 3383 viter
444 3320 599 3406 quidquid
624 3369 832 3385 .......
866 3343 1032 3386 sacrarum
1055 3322 1222 3387 literarum

332 3428 421 3512 jacet
440 3427 474 3490 in
491 3427 625 3512 gremio,
642 3426 704 3490 sibi
725 3434 872 3514 apertum
896 3436 954 3493 est.
977 3428 1077 3514 Lege,
1094 3431 1121 3495 si
1138 3431 1222 3497 hesi-

341 3541 401 3617 tas,
419 3534 626 3599 scientiarum
642 3535 815 3620 gurgitem,
829 3557 885 3598 seu
899 3536 1040 3601 abissum
1057 3539 1223 3624 appellare

338 3642 451 3724 mavis,
473 3642 594 3705 librum
618 3643 699 3726 ejuS,
717 3663 812 3726 quem
838 3690 1045 3708 .......
1071 3645 1109 3710 de
1133 3646 1222 3711 labo·

336 3750 424 3813 ribus
449 3749 601 3813 Herculis
625 3749 820 3834 quotidianis
843 3756 932 3815 tenet
955 3759 1007 3816 ete.
1024 3751 1132 3838 Legae
1156 3754 1221 3818 ele-

337 3857 563 3942 gantissimum
586 3857 705 3920 librum
728 3858 837 3940 illum,
863 3880 957 3944 quem
981 3859 1021 3922 de
1045 3861 1220 3947 religione,

336 3973 433 4050 atque
457 3964 536 4048 fuga
560 3964 659 4028 seculi
683 3966 743 4029 sub
762 3966 855 4029 titulo
881 3965 1084 4052 Hyeronimi,
1102 3971 1221 4033 camal-

334 4070 479 4136 dulensis
503 4071 633 4136 Ordinis
658 4071 838 4156 Generalis,
856 4073 965 4139 edidit.
985 4074 1092 4161 Leges
1114 4077 1221 4141 eroica

339 4186 440 4243 metra
464 4179 503 4244 de
527 4179 613 4244 bello
636 4179 722 4243 Pirri
737 4179 848 4244 habito
866 4203 938 4245 cum
953 4182 1126 4247 Romanis:
1144 4189 1221 4250 tunc

338 4287 436 4370 dices,
461 4286 546 4372 quod
570 4287 659 4372 prius
684 4287 723 4352 de
746 4288 881 4352 Marone
905 4289 994 4354 Naso
1017 4286 1159 4355 dixerat:

453 4455 553 4507 Omnia
571 4456 662 4508 divino
681 4458 843 4509 monstrarit
861 4459 982 4511 carmine
1001 4458 1102 4512 Vates:

336 4614 368 4672 et
391 4629 442 4690 no,
460 4629 532 4672 oum
553 4608 654 4672 multa
677 4607 800 4692 dixero,
825 4610 920 4694 plura
943 4611 982 4674 dc
1007 4611 1072 4674 suis
1096 4613 1218 4677 moritis

335 4723 527 4801 preteream,
544 4716 604 4780 heo
628 4717 668 4780 sit
692 4738 817 4780 summa
841 4719 984 4782 omnium
1000 4717 1217 4785 dicendorum.

337 4823 483 4888 Colutius
501 4803 644 4909 ¹Pyerius
668 4845 741 4888 mea
757 4827 917 4890 sententia
933 4827 1020 4891 solus
1037 4835 1085 4891 est
1101 4850 1218 4894 arcane

336 4938 451 4996 nature
474 4931 640 5014 conscius,
665 4933 720 5016 qui
754 4932 864 4996 divina
895 4934 982 4998 solus
1014 4941 1046 4999 et
1075 4936 1218 5001 humana

336 5039 507 5124 complecti
543 5039 660 5122 animo,
685 5046 717 5102 et
751 5040 859 5125 eloqui
894 5043 968 5106 stilo
1001 5044 1103 5128 possit
1137 5044 1218 5109 adeo

335 5146 552 5210 exuberanter
578 5152 614 5208 ut
637 5167 747 5211 omnes
770 5146 920 5212 laudatos
944 5155 1069 5212 veteres
1090 5157 1217 5215 autece-

335 5257 390 5320 dat
415 5303 689 5320 .........
714 5254 856 5320 Additur
879 5278 1004 5322 summa
1020 5259 1110 5343 fides,
1127 5261 1217 5324 beni·

335 5363 441 5448 guitas
465 5362 662 5427 incredibilis
683 5370 715 5426 et
730 5363 888 5428 modestia
912 5366 1105 5450 singularis;
1123 5374 1164 5450 et,
1182 5375 1218 5432 ut
1244 5441 1246 5448 Α

334 5469 534 5552 concludam,
560 5477 668 5534 cetera
698 5470 908 5535 humanitatis
939 5473 1039 5536 offitia
1069 5495 1168 5559 penes
1192 5475 1217 5538 i-

334 5599 427 5664 psum
452 5600 551 5642 unum
575 5584 659 5661 sunt,
684 5585 717 5642 et
740 5578 896 5664 quidquid
918 5580 1038 5645 dixerit
1061 5582 1173 5646 credas
1197 5605 1217 5647 a

335 5685 444 5749 divino
460 5685 549 5749 fonte
565 5686 704 5749 relatum
721 5707 801 5769 esse,
819 5687 971 5772 quoniam
992 5690 1123 5753 oracula
1139 5689 1217 5754 Dol-

333 5793 406 5878 phis
429 5801 571 5876 cessant,
597 5801 629 5857 et
653 5814 826 5859 anemone
859 5795 1005 5860 dodonec
1029 5797 1216 5883 prophetice

334 5901 442 5965 abiere
466 5901 614 5966 columbe
638 5950 813 5967 ......
837 5902 905 5967 Νοο
929 5910 960 5967 te
983 5912 1019 5969 ut
1042 5905 1145 5990 pictor
1168 5905 1216 5969 sa·

332 6009 461 6074 bulator
484 6009 626 6073 verbulis
651 6009 730 6073 meis
755 6010 870 6093 laudo,
896 6032 991 6096 quem
1018 6012 1216 6076 incredibilis

333 6117 490 6201 sapientie
514 6124 568 6180 tue
592 6117 718 6180 abissus
741 6117 863 6200 laudat,
881 6119 1026 6204 predicat
1046 6125 1102 6182 tua
1124 6119 1216 6184 boni·

333 6231 393 6306 tas,
411 6223 595 6308 eloquentia
618 6230 715 6309 atque
739 6227 857 6289 caritas
881 6226 914 6288 iu
934 6226 1063 6289 mortali
1086 6226 1215 6291 homine

332 6353 396 6396 non
417 6330 577 6394 credenda
593 6339 645 6396 etc.
664 6331 767 6396 Crede
784 6354 899 6420 nempe
916 6333 1004 6418 mihi,
1022 6334 1116 6399 crede
1141 6357 1216 6400 cau-

332 6438 489 6502 tatissime
514 6438 563 6501 vir
579 6438 725 6523 insignis,
743 6439 829 6524 quod
846 6441 993 6525 quamvis
1009 6463 1094 6506 nunc
1110 6443 1216 6506 clarus

333 6546 365 6609 in
389 6546 466 6610 orbe
491 6546 545 6628 sis,
570 6546 659 6609 vives
683 6552 791 6610 tamen
816 6547 976 6632 gloriosus
1000 6549 1033 6613 in
1057 6551 1215 6636 sepulcro.

2098 670 2171 741 299

1355 844 1496 910 Danaas
1527 853 1576 910 est
1604 847 1769 933 proprium
1804 854 1836 913 et
1870 848 2025 912 usitatum
2059 871 2176 914 nomeu

1293 951 1462 1034 cujusdam
1486 960 1597 1038 poete,
1621 954 1806 1041 philosophi
1829 961 1862 1020 et
1889 955 2033 1041 theologi
2061 957 2177 1022 floreu-

1293 1058 1362 1122 tini.
1386 1059 1452 1123 Ubi
1474 1067 1561 1143 uota,
1579 1062 1663 1146 quod
1688 1062 1720 1125 iu
1745 1062 1834 1126 fonte
1857 1063 1941 1127 sacri
1963 1064 2085 1129 lavacri
2110 1067 2177 1130 Du·

1293 1172 1386 1230 rante
1410 1166 1471 1231 fuit
1494 1167 1555 1231 sihi
1576 1189 1692 1233 nomen
1709 1170 1904 1256 impositum.
1923 1171 1987 1236 Sed
2003 1173 2177 1238 blanditia·

1293 1293 1365 1336 rum
1387 1274 1509 1338 alludio
1534 1277 1710 1340 secundum
1726 1278 1932 1344 florentinum
1948 1281 2056 1363 ritum,
2074 1282 2176 1348 sinec-

1292 1387 1369 1466 pato
1390 1384 1529 1467 nomine,
1545 1384 1670 1450 Dentes
1687 1394 1820 1451 vocatus
1837 1395 1886 1453 est
1910 1438 2085 1456 ......
2111 1391 2176 1455 Sed

1293 1488 1484 1575 incipiamus
1509 1512 1528 1554 a
1551 1492 1735 1578 primordiis
1759 1503 1811 1559 etc.

1354 1702 1499 1769 Irocass
1523 1714 1574 1770 etc.

1354 1918 1500 1984 Tandem
1513 1923 1600 1986 venit
1617 1923 1773 1988 mirabilis
1787 1925 1960 1990 Genusus,
1974 1927 2073 1992 Venit
2086 1928 2175 1994 dein-

1288 2025 1328 2089 de
1351 2026 1454 2092 Rasrs
1478 2077 1618 2094 .....
1651 2031 1766 2096 deiude
1789 2032 1974 2100 Avroanua
2001 2043 2053 2100 etc.
2078 2044 2110 2101 et
2137 2045 2173 2102 ut

1291 2134 1333 2196 ad
1356 2134 1487 2201 Italicos
1511 2138 1657 2222 reniam,
1682 2140 1738 2225 qui
1753 2141 1842 2206 mira
1871 2143 2049 2208 subtilitate
2074 2166 2173 2232 opera

1289 2239 1453 2326 liquerunt
1476 2245 1508 2308 iu
1531 2246 1666 2331 phisica,
1683 2248 1804 2333 primus
1828 2250 1990 2335 glossator
2010 2251 2174 2318 'sannaus

1287 2347 1543 2435 Fnoanurrnos,
1568 2355 1660 2438 cujus
1684 2354 1789 2420 adhuc
1805 2358 1924 2443 scripta
1941 2366 2015 2422 sunt
2031 2361 2172 2425 maxime

1288 2458 1508 2541 auctoritatis,
1538 2481 1603 2524 non
1635 2462 1720 2547 quod
1755 2470 1829 2528 ante
1864 2486 1974 2529 omnes
2011 2470 2174 2553 aperuerit

1289 2564 1447 2630 medicine
1471 2574 1590 2650 textus,
1613 2568 1838 2654 sedquoniam
1862 2572 2008 2638 veritat-is
2033 2584 2174 2640 assertor

1289 2672 1492 2737 felicissimus
1516 2681 1675 2740 teneatur.

1351 2889 1427 2953 Fuit
1457 2891 1556 2953 etiam
1585 2890 1697 2956 Diuus
1727 2912 1773 2956 os
1801 2891 1933 2976 (issac,
1958 2916 2054 2979 quem
2083 2897 2189 2960 miris

1289 2996 1439 3061 laudibus
1462 2999 1590 3062 extollit
1617 2999 1811 3082 Musecros,
1828 3009 1924 3087 pocta
1948 3004 2091 3087 tragicus
2114 3027 2171 3091 pa-

1288 3105 1452 3168 ctariuus:
1476 3113 1509 3169 et
1540 3107 1638 3170 etiam
1670 3107 1738 3193 ipsc
1767 3109 2035 3174 commendabilia
2069 3113 2172 3176 multa

1287 3213 1433 3299 scripsit,
1457 3222 1554 3299 prout
1576 3214 1670 3300 posui
1695 3216 1725 3278 iu
1751 3217 1864 3281 eodem
1889 3218 1971 3284 libro
1995 3218 2092 3304 VIL,
2112 3221 2170 3286 cfr.

1286 3318 1410 3384 Druna.

1348 3535 1445 3599 Hunc
1469 3557 1533 3600 nou
1556 3536 1708 3601 inferiore
1731 3538 1819 3608 fama
1843 3560 1902 3604 nec
1925 3541 2056 3626 ingenio
2077 3564 2166 3607 secu·

1284 3649 1336 3706 tus
1365 3649 1414 3707 cst
1447 3642 1532 3706 filins
1556 3643 1711 3728 raonis,
1736 3652 1771 3709 ut
1794 3647 1907 3732 scripsi
1931 3648 2044 3712 eodem
2066 3650 2164 3733 libro,

1285 3749 1343 3815 cfr.
1368 3749 1523 3814 Triones

1347 3964 1415 4028 Neo
1445 3985 1545 4050 parre
1569 3965 1671 4050 glorie
1695 3966 1757 4031 fnit
1781 3966 1947 4034 Gnumms
1969 3989 2016 4034 an
2038 3970 2166 4036 Funer-

1282 4091 1361 4154 uno,
1379 4073 1433 4158 qui
1450 4075 1552 4138 multa
1570 4073 1699 4160 copiose
1723 4075 1791 4139 sine
1816 4077 2003 4142 subtilitatis
2027 4079 2166 4144 admira-

1283 4178 1371 4243 tione
1395 4173 1585 4266 composuit.

1345 4393 1388 4458 Et
1408 4402 1443 4458 nt
1458 4397 1549 4460 rivos
1566 4397 1722 4479 omittam,
1740 4419 1820 4483 quos
1837 4398 1930 4462 video
1950 4398 2038 4464 lama
2061 4400 2165 4466 claros

1283 4506 1315 4565 et
1338 4502 1464 4587 scriptis
1485 4503 1553 4568 sino
1570 4504 1668 4569 dubio
1685 4504 1905 4588 celebrandos,
1923 4506 1984 4570 fuit
2001 4506 2166 4573 Oxarsro·

1282 4627 1416 4674 rixosus
1439 4629 1484 4673 nn
1507 4610 1682 4676 Hounsms
1705 4612 1745 4676 de
1768 4611 1927 4695 Bononia,
1945 4614 2007 4678 fuit
2022 4623 2054 4678 ct
2070 4616 2165 4680 Maa-

1281 4733 1391 4780 s1h1us
1413 4717 1621 4802 pactarinus,
1647 4718 1702 4803 qui
1730 4719 1974 4785 universalitate
2002 4743 2109 4786 rerum
2134 4731 2167 4786 et

1282 4823 1418 4888 seientia
1441 4825 1567 4889 claruit.

1345 5039 1503 5105 Omnibus
1533 5049 1643 5106 tamen
1673 5043 1935 5128 anteponendum
1963 5066 2078 5110 censeo
2101 5046 2166 5112 Pa·

1281 5168 1379 5214 ssum
1400 5169 1447 5213 aa
1470 5149 1619 5214 Hsssuo
1638 5152 1856 5235 pactavinum,
1874 5152 1929 5238 qui
1946 5155 2087 5219 maxime
2103 5157 2165 5220 uti-

1280 5255 1380 5320 litatis
1403 5257 1522 5322 librum
1545 5257 1646 5322 edidit
1664 5259 1697 5322 in
1721 5259 1890 5343 medicina,
1915 5261 2006 5345 eujus
2031 5263 2163 5329 titulus:

1283 5363 1498 5431 Conciliatores
1521 5375 1573 5432 etc.
1598 5366 1661 5440 Qui
1693 5369 1791 5432 stiam
1822 5369 2000 5434 declaravit
2030 5370 2165 5436 Proble-

1280 5481 1368 5537 mata
1402 5474 1599 5539 Aristotelis.
1626 5473 1762 5561 Scripsit
1792 5475 1831 5540 de
1862 5477 2013 5560 venenis,
2038 5485 2071 5542 et
2100 5480 2166 5544 alia

1280 5581 1383 5644 multa
1406 5580 1492 5664 fecit,
1509 5580 1590 5645 adeo
1606 5581 1749 5667 perfecte
1766 5582 1874 5648 omnia
1893 5584 1979 5669 quod
2002 5584 2098 5650 facile
2116 5587 2163 5649 iu·

1280 5693 1330 5752 ter
1352 5688 1493 5752 medicos
1515 5689 1684 5775 europioos
1704 5689 1786 5754 alius
1803 5691 1920 5756 clarior
1936 5713 2001 5756 non
2016 5693 2164 5758 habetur.

1341 5901 1410 5966 Neo
1434 5902 1535 5966 multo
1558 5903 1658 5988 prius,
1675 5903 1703 5967 si
1723 5903 1753 5968 ei
1776 5926 1841 5969 nou
1864 5904 1926 5968 fuit
1942 5912 2165 5992 contempora-

1280 6031 1370 6092 neus,
1388 6009 1609 6076 Gmmsmuus
1632 6031 1678 6075 nn
1701 6012 1911 6095 Pnseaums,
1935 6005 2064 6079 nomine
2088 6014 2164 6079 Pla·

1280 6117 1606 6201 cidus,i11theorica
1636 6125 1668 6182 et
1699 6120 1844 6205 practica
1867 6120 2045 6203 medicina,
2070 6131 2166 6208 prout

1278 6225 1380 6311 ipsius
1407 6225 1598 6289 Gulielmius
1620 6224 1831 6291 demonstrat.

1340 6331 1502 6397 Extinctis
1522 6332 1572 6396 his
1588 6333 1764 6398 luminibus
1780 6334 1948 6419 medicine,
1965 6336 2029 6400 heu
2045 6335 2164 6402 adhoc

1279 6439 1427 6504 venimus
1450 6439 1483 6502 iu
1507 6440 1651 6525 presenti
1673 6448 1709 6504 ut
1733 6442 1922 6528 cuicumque
1943 6442 2016 6506 rudi
2040 6465 2074 6507 se
2098 6465 2163 6507 me·

1280 6547 1387 6611 dicum
1409 6547 1573 6633 profitenti
1596 6546 1787 6633 subjiciatur
1811 6551 2031 6636 unusquisque
2055 6559 2106 6615 etc.
