5484 7746
625 617 701 688 274
892 639 1132 690 MONUMENTA
1153 639 1383 691 SPEGTANTIA
1403 641 1454 690 Ab
1475 641 1639 692 CLASSEM
1659 642 1978 694 ARCHIDIACONOR.
2000 643 2102 697 ECOL.
2124 645 2210 696 BON.

625 792 708 856 hanc
731 794 886 878 paginam
910 801 1017 858 nostre
1040 793 1290 858 confirmationis
1307 795 1481 880 infringere
1507 796 1558 858 rel
1582 795 1611 859 ei
1636 817 1715 860 ausu
1740 797 1911 860 temerario
1932 797 2102 862 contraire.
2121 799 2155 864 Si
2173 800 2243 885 quis
2260 807 2368 865 autem
2384 803 2443 868 hoe

623 906 815 985 attemptare
832 901 1081 986 presumpserit,
1099 900 1353 986 indignationem
1378 902 1605 988 omnipotentis
1629 903 1691 967 Dei
1715 910 1747 967 et
1771 903 1938 968 beatorum
1958 904 2048 968 Petri
2065 912 2098 969 et
2112 905 2207 970 Pauli
2226 909 2442 994 apostolorum

623 1006 692 1069 eius
716 1027 750 1069 se
774 1005 899 1070 noverit
924 1006 1136 1090 incursurum,
1161 1008 1334 1072 autoritate
1359 1008 1444 1071 sedis
1469 1007 1644 1094 apostolice
1674 1009 1705 1072 in
1739 1009 1887 1072 omnibus
1910 1031 2037 1096 semper
2060 1011 2160 1076 salva.
2186 1014 2307 1077 Datum
2332 1014 2442 1100 Sigine

622 1111 774 1176 kalendis
792 1111 883 1198 julii,
908 1114 1112 1198 pontificatus
1145 1114 1245 1179 nostri
1269 1135 1354 1179 anno
1379 1115 1514 1200 septimo
1539 1129 1576 1178 ›.'

711 1220 750 1284 In
775 1221 866 1303 cujus
891 1221 938 1284 rei
963 1221 1181 1285 testimonium
1205 1221 1346 1308 presenti
1369 1223 1487 1308 pagine
1512 1230 1656 1286 nostrum
1681 1223 1823 1308 sigillum
1847 1223 1991 1309 pendens
2010 1227 2130 1310 apponj
2147 1226 2291 1310 lecimus,
2310 1251 2367 1314 per
2382 1229 2442 1295 boc

622 1326 718 1389 fidem
744 1327 960 1391 omnimodam
985 1328 1144 1392 habiture.

710 1432 832 1498 Datum
855 1434 1003 1500 Bononia
1025 1434 1084 1498 sub
1108 1457 1192 1500 anno
1216 1436 1347 1500 Domini
1370 1430 1429 1499 ΜΡ
1445 1431 1505 1500 ec.⁰
1520 1431 1613 1518 lxx.⁰,
1631 1436 1805 1500 indictione
1830 1437 2064 1520 terciadecima,
2084 1439 2135 1503 die
2159 1439 2282 1505 decime
2303 1450 2441 1506 exeunte

622 1561 731 1605 mense
756 1540 993 1606 decembrislll.

1450 1811 1613 1877 XXXIII.

1363 2009 1461 2091 1298,
1487 2009 1528 2071 13
1552 2011 1699 2072 inarserit.

1151 2204 1201 2267 Ex
1228 2204 1340 2268 eodem
1370 2231 1384 2262 ι
1410 2203 1505 2268 Libro
1529 2205 1644 2268 Ariana
1670 2231 1700 2288 v,
1725 2227 1790 2268 ear.
1819 2209 1856 2270 19
1882 2204 1921 2269 r.⁰

710 2402 897 2466 Bonifacius
921 2401 1101 2487 episeopus,
1119 2422 1230 2464 sersus
1255 2422 1421 2464 serrorum
1444 2399 1517 2482 Dei,
1535 2400 1651 2465 dilecto
1675 2400 1740 2465 filio
1766 2400 1946 2485 G[uid0ni],
1964 2402 2202 2469 Archidiacono
2219 2405 2363 2470 Ecclesie
2384 2406 2441 2470 bo-

621 2511 794 2592 noniensis,
819 2509 956 2572 salutem
981 2516 1011 2572 et
1036 2508 1247 2594 apostolicam
1271 2507 1536 2571 benedictionem.

710 2617 791 2681 (lum
814 2617 846 2679 in
871 2617 1001 2680 civitate
1025 2616 1170 2680 Bonouie
1195 2615 1355 2696 Studium,
1371 2637 1430 2700 per
1453 2615 1515 2678 Dei
1540 2615 1688 2700 gratiam,
1706 2615 1815 2701 rigeat
1847 2616 2009 2700 generale,
2028 2618 2077 2682 eni
2095 2618 2325 2684 Archidiacoui
2342 2620 2441 2700 bon07

620 2725 758 2806 aienses,
775 2723 830 2808 qni
853 2731 927 2786 suut
950 2745 1007 2808 pro
1032 2729 1187 2807 ternpore,
1209 2742 1336 2807 preesse
1362 2728 1547 2800 noscuntur,
1565 2743 1602 2785 ac
1626 2722 1659 2784 in
1683 2721 1796 2785 eodem
1822 2721 1934 2786 Studio
1956 2725 2177 2808 consistentes,
2195 2724 2319 2811 qu[um]
2343 2725 2441 2789 licen-

619 2833 741 2895 tiantur
758 2831 791 2893 in
808 2830 915 2915 aliqua
937 2829 1102 2911 facultate,
1121 2829 1283 2893 licentiam
1308 2827 1493 2912 hujusmodi
1516 2829 1556 2892 ab
1581 2828 1827 2892 Archidiaconis
1845 2829 2003 2916 recipiant
2027 2831 2229 2918 supradictis,
2245 2840 2440 2918 propterque

619 2938 793 3025 plurimum
818 2937 966 3022 expedit,
991 2945 1026 3000 nt
1051 2945 1085 3000 tn
1109 2943 1141 2999 et
1165 2957 1366 3000 successores
1390 2936 1437 2999 tui
1460 2935 1690 2999 Archidiaeoni
1714 2934 1937 3019 bononienses,
1962 2937 2017 3022 qui
2041 2960 2098 3024 pro
2123 2949 2266 3025 tempore
2294 2940 2440 3022 fueritis,

568 3077 571 3083 ·
619 3045 827 3109 residentiam
852 3045 978 3108 faciatis
1002 3045 1035 3108 in
1059 3043 1171 3107 eadem
1195 3044 1331 3108 ecelesia
1355 3044 1567 3130 personalem,
1586 3065 1653 3126 nos,
1672 3050 1706 3107 ut
1730 3051 1763 3106 tu
1789 3052 1820 3106 et
1844 3043 1905 3129 ipsi
1928 3065 2128 3110 successores
2153 3047 2338 3131 hujusmodi
2360 3068 2441 3110 onus

620 3152 804 3234 residentis,
829 3152 870 3214 ad
895 3173 991 3236 quam
1015 3173 1072 3215 vos
1094 3151 1197 3214 teneri
1220 3151 1378 3232 volumus,
1403 3152 1531 3236 possitis
1556 3150 1753 3215 eenunodius
1777 3158 1978 3236 supportare,
2003 3153 2172 3238 providere
2197 3155 2352 3236 volentes,
2376 3154 2440 3217 tuis

619 3259 909 3346 supplicationibus
934 3259 1089 3342 inclinatI,
1108 3260 1166 3322 tibi
1190 3267 1222 3322 et
1246 3260 1367 3323 eisdem
1390 3258 1638 3339 successoribus,
1665 3259 1856 3322 auctoritate
1880 3259 2088 3345 presentium,
2109 3261 2324 3346 indulgemus,
2349 3270 2383 3325 ut
2408 3261 2442 3323 iu

619 3367 765 3453 predicta
788 3366 925 3432 ecelesia
948 3367 1161 3453 personaliter
1186 3366 1380 3448 residentes,
1404 3367 1545 3448 fructus,
1570 3365 1714 3428 redditus
1738 3374 1769 3429 et
1794 3373 1969 3452 preventus
2001 3367 2229 3432 beneficiorum
2257 3377 2441 3433 vestrorum

518 3547 525 3556 ,
617 3475 762 3539 etiamsi
786 3475 960 3560 dignitates
985 3481 1041 3538 aut
1065 3481 1256 3560 personatus
1281 3474 1432 3557 existant,
1450 3473 1501 3536 vel
1526 3473 1706 3536 animarum
1731 3494 1807 3536 cura
1831 3473 1894 3537 illis
1919 3473 2062 3557 iuducet,
2080 3497 2151 3538 eum
2175 3497 2215 3539 ea
2237 3477 2367 3562 possItis
2391 3477 2441 3540 in-

615 3583 767 3668 tegritate
791 3581 967 3667 percipere,
994 3581 1163 3646 cotidianis
1187 3581 1467 3644 distributionibus
1491 3581 1661 3644 dumtaxat
1685 3581 1849 3666 exeeptis,
1875 3602 1947 3645 eum
1971 3603 2034 3666 qna
2058 3583 2266 3669 perciperetis
2290 3584 2439 3666 eosdem,

616 3690 699 3754 siin
727 3691 848 3754 eisdem
877 3690 1040 3774 ecelesijs,
1065 3690 1098 3753 in
1130 3689 1245 3774 quibus
1276 3689 1461 3773 hujusmodi
1484 3689 1641 3752 beneficia
1665 3689 1794 3771 fuerint,
1820 3689 1969 3754 faceretis
1994 3691 2200 3754 residentiam
2223 3693 2440 3778 personalem,

616 3805 648 3862 et
672 3797 712 3861 ad
737 3797 943 3860 residendum
968 3797 1062 3860 aliter
1086 3798 1118 3860 in
1143 3797 1264 3860 eisdem
1288 3796 1431 3860 ecclesiis
1455 3796 1585 3860 minime
1610 3796 1794 3876 teneamini,
1820 3817 1923 3881 neque
1948 3797 1989 3861 ad
2014 3797 2045 3861 id
2070 3819 2089 3861 a
2113 3820 2275 3884 quoquam
2299 3801 2441 3864 coartari

619 3905 761 3991 possitis,
778 3925 841 3968 non
859 3905 1062 3968 obstantibus
1079 3904 1333 3990 quibuscumque
1350 3903 1519 3967 contrariis
1540 3903 1668 3966 statutis
1684 3910 1716 3966 et
1733 3903 2018 3968 consuetudinibus
2033 3905 2243 3969 ecelesiarum
2268 3907 2299 3970 iu
2322 3907 2442 3992 quibus

615 4012 801 4096 hujusmodi
831 4012 988 4076 beneficia
1016 4011 1145 4093 fuerint,
1172 4011 1366 4094 juramento,
1391 4009 1633 4075 confirmatione
1658 4009 1750 4073 Sedis
1774 4010 1960 4095 Apostolice
1985 4013 2036 4076 rel
2061 4033 2262 4098 quacumque
2286 4013 2440 4078 firmitate

615 4120 679 4183 alia
704 4119 873 4202 roboratis,
898 4126 934 4182 ut
958 4119 984 4182 si
1008 4126 1044 4182 tu
1066 4118 1118 4182 vel
1140 4119 1242 4204 jidem
1265 4138 1465 4181 successores
1490 4139 1553 4180 non
1577 4116 1726 4181 laceretis
1750 4117 1783 4180 in
1807 4117 1927 4182 eisdem
1955 4119 2098 4182 ccelesiis
2122 4119 2258 4206 primam
2272 4121 2311 4183 (Ξ)
2328 4143 2441 4206 perso-

614 4228 721 4290 nalem
746 4226 953 4290 residentiam
978 4232 1183 4308 consuetam,
1208 4247 1265 4290 seu
1290 4225 1439 4310 capitulis
1467 4225 1609 4311 ipsarum
1641 4224 1850 4288 ecclesiarum
1882 4226 1923 4289 ab
1947 4225 2135 4312 Apostoliea
2161 4225 2244 4291 Sede
2277 4227 2441 4292 indultum

587 4367 591 4372 ·
615 4335 733 4398 existat
758 4333 842 4419 qued
866 4333 1012 4419 personis
1036 4355 1092 4396 seu
1114 4333 1276 4397 canonicis
1293 4353 1404 4395 earum
1421 4332 1555 4413 fruetus,
1572 4331 1715 4396 redditus
1732 4342 1764 4395 et
1779 4341 1955 4417 proventus
1971 4341 2212 4418 personatuum,
2230 4335 2440 4420 dignitatum,

613 4439 852 4528 prebendarum
868 4461 924 4502 seu
942 4439 1180 4521 beneficiorum,
1198 4459 1259 4523 qne
1276 4438 1307 4501 iu
1326 4439 1389 4501 illis
1411 4438 1566 4520 obtinent,
1584 4438 1766 4502 ministrare
1784 4438 1815 4500 in
1837 4439 1984 4502 absentia
2001 4439 2130 4503 minime
2149 4447 2329 4524 teneantur,
2346 4450 2378 4506 et
2395 4444 2441 4506 ad

614 4548 644 4611 id
664 4546 813 4632 eernpelli
830 4567 893 4609 non
911 4547 1035 4632 possint
1050 4567 1108 4632 per
1124 4545 1251 4610 Literas
1269 4546 1462 4631 apostolicas
1488 4565 1551 4609 non
1575 4545 1730 4609 facientes
1754 4546 1884 4632 plenam
1905 4553 1937 4609 et
1961 4567 2149 4633 expressam
2170 4569 2207 4612 ae
2224 4547 2263 4613 de
2279 4549 2379 4613 verbe
2396 4551 2444 4614 ad

614 4656 748 4720 verbum
772 4655 811 4718 de
836 4655 960 4718 indulto
990 4653 1174 4738 hujusmodi
1197 4654 1410 4737 mentionem,
1436 4661 1468 4717 et
1492 4653 1689 4739 quibuslibet
1712 4654 1831 4736 literis,
1857 4654 2034 4740 privilegiis
2060 4662 2092 4718 ct
2115 4656 2324 4742 indulgentiis
2351 4657 2444 4722 dicte

615 4763 706 4828 Sedis
731 4762 938 4848 generalibus
959 4769 992 4824 et
1013 4761 1206 4846 specialibus
1231 4783 1506 4847 quorumcumque
1524 4761 1644 4824 tenoris
1668 4761 1819 4844 existant,
1837 4769 1869 4825 et
1893 4783 1955 4847 que
1975 4763 2179 4847 presentibus
2200 4784 2263 4828 non
2281 4785 2442 4850 expressa

613 4870 665 4934 rel
681 4870 825 4934 totaliter
842 4891 905 4933 rron
923 4870 1044 4932 Inserta
1061 4869 1194 4933 effectus
1210 4867 1396 4952 hujusmodi
1419 4875 1527 4932 nostre
1552 4867 1656 4952 gratie
1681 4867 1830 4953 impediri
1850 4869 1958 4932 valeat
1973 4868 2026 4932 vel
2050 4870 2182 4951 differri,
2200 4878 2232 4933 et
2255 4869 2295 4934 de
2320 4872 2445 4957 quibus

613 4998 812 5063 quorumque
838 4976 912 5040 totis
935 4976 1100 5039 tenoribus
1121 4975 1160 5039 de
1178 4975 1276 5040 verbo
1294 4975 1336 5038 ad
1353 4975 1486 5038 verbnm
1504 4974 1620 5038 debeat
1637 4975 1669 5038 in
1685 4973 1887 5060 presentibus
1904 4975 1973 5038 fieri
1989 4977 2109 5040 mentio
2126 4976 2289 5062 spetialis3
2304 4979 2443 5063 proviso

613 5084 699 5170 quod
718 5083 876 5147 beneficia
892 5084 964 5170 ipsa
981 5082 1097 5146 debitis
1115 5082 1277 5168 obsequiis
1294 5103 1357 5146 non
1374 5081 1577 5164 fraudentur,
1592 5089 1625 5145 et
1641 5082 1821 5145 animarum
1837 5103 1925 5165 cura,
1943 5083 1969 5146 si
1987 5082 2148 5168 aliquibus
2165 5105 2276 5148 eorum
2292 5085 2444 5168 imineat,

613 5191 644 5254 in
670 5192 715 5254 eis
740 5190 926 5254 nullatenus
950 5190 1145 5275 negligatur.
1171 5190 1260 5253 Nulli
1284 5211 1362 5274 erge
1379 5190 1508 5253 omnino
1529 5189 1694 5252 hominnm
1712 5189 1807 5252 liceat
1825 5189 1909 5253 hanc
1925 5190 2078 5276 paginam
2095 5197 2203 5254 nostre
2220 5193 2445 5258 concessionis

613 5299 799 5383 infringere,
816 5298 868 5362 vel
885 5299 915 5362 ei
931 5319 1011 5361 ausu
1033 5299 1204 5362 temerario
1228 5297 1407 5378 contraire3
1431 5297 1458 5359 si
1482 5297 1553 5381 quis
1577 5303 1684 5361 autem
1708 5296 1769 5360 hoc
1793 5303 1952 5360 attentare
1976 5299 2217 5385 presumpserit,
2239 5299 2445 5385 indignatio-

613 5399 686 5470 nem
711 5406 938 5492 omnipotentis
962 5405 1025 5469 Dei
1048 5411 1080 5468 et
1103 5405 1271 5468 beatorum
1295 5404 1385 5468 Petri
1409 5411 1441 5467 et
1464 5403 1560 5467 Pauli
1584 5403 1802 5488 apostolorum
1826 5404 1895 5467 eius
1919 5425 1953 5467 sc
1977 5404 2103 5468 noverit
2126 5405 2339 5470 incursurum.
2438 5473 2445 5481 ,

703 5513 823 5578 Datum
847 5512 1002 5576 Laterani
1025 5513 1097 5576 idus
1107 5511 1145 5576 (³)
1155 5511 1308 5596 januarii,
1332 5511 1537 5598 pontificatus
1562 5509 1662 5574 nostri
1686 5531 1770 5574 anno
1795 5517 1920 5596 quarto.

691 6227 729 6290 (l)
750 6225 783 6276 In
803 6225 943 6293 margine:
965 6240 978 6270 a
1000 6222 1176 6288 Corrfirmetio
1193 6223 1298 6274 demini
1316 6223 1403 6273 nostri
1416 6238 1488 6288 pape
1511 6222 1543 6272 de
1571 6221 1811 6282 corastitntionibua,
1830 6221 1948 6284 statutis,
1965 6221 2202 6272 consuetudinibus
2229 6221 2333 6273 ecclesie
2358 6222 2453 6276 boero-

610 6315 713 6366 nicnsis
732 6315 763 6365 dc
782 6315 919 6366 cunorricis
937 6312 1101 6379 rces'piemlis
1119 6318 1142 6363 et
1160 6311 1295 6377 fructibus
1309 6311 1510 6378 prebcrsdnrmn
1533 6329 1557 6363 a.

691 6407 730 6471 (2)
749 6403 811 6456 Bis:
827 6403 959 6470 primam.

690 6497 729 6559 (3)
750 6493 802 6545 Sic.
