5544 7750
639 623 715 692 294

636 795 890 884 patientissimus
913 795 1024 881 vigilie
1042 801 1074 860 et
1094 795 1224 876 laboris,
1242 793 1369 857 assidue
1391 813 1525 878 operam¹

636 904 735 985 dedit,
760 904 966 989 omniumque
989 910 1150 968 sectarum
1167 902 1295 965 auditor
1311 901 1426 982 factus,
1444 899 1522 984 quid

637 1033 763 1096 queque
779 1011 923 1093 sentiret,
936 1010 1181 1096 diligentissime
1198 1008 1368 1073 intellexit.
1385 1007 1520 1072 Factus·

636 1140 697 1204 que
721 1118 833 1182 doctor
856 1118 1028 1200 maximus,
1051 1139 1115 1180 non
1135 1117 1227 1199 lucri,
1244 1116 1300 1180 sed
1324 1116 1412 1179 fama
1434 1115 1521 1200 cupi·

635 1227 695 1291 dus
716 1227 792 1310 jura
816 1227 924 1290 civilia
951 1225 1097 1290 Bononia
1129 1225 1256 1312 publice
1288 1224 1397 1288 docuit
1427 1223 1520 1286 annis

631 1334 761 1398 circiter
784 1334 1010 1421 qnadraginta.
1035 1332 1181 1397 Tandem
1206 1353 1278 1396 eum
1306 1332 1404 1396 animi
1435 1337 1521 1395 esset

634 1442 785 1528 iugentia,
811 1462 952 1527 curaque
976 1441 1023 1505 illi
1046 1441 1247 1527 permaxime
1270 1440 1391 1504 bonum
1415 1439 1519 1524 publi·

636 1573 709 1614 cum
734 1551 831 1633 foret,
855 1550 971 1636 spretis
995 1549 1093 1614 lucris
1117 1556 1149 1613 et
1172 1549 1259 1612 omrri
1282 1569 1359 1612 cura
1383 1547 1519 1611 lorensis

633 1659 680 1722 rei
704 1666 801 1744 atque
826 1657 994 1722 familiaris
1015 1657 1154 1742 abjecta,
1171 1656 1314 1720 solitarie
1331 1657 1396 1719 vite
1413 1655 1518 1738 datus,

633 1765 815 1850 glossandis
838 1765 965 1850 legibus
981 1765 1130 1829 civilibus
1147 1785 1278 1849 operam
1295 1763 1452 1826 concessit
1468 1783 1518 1826 as·

632 1872 769 1956 siduam,
786 1873 959 1958 multisque
980 1873 1102 1958 vigiliis
1126 1879 1158 1936 et
1181 1871 1292 1935 labore
1316 1870 1516 1957 permaximo

633 1987 736 2045 totum
760 1981 904 2066 ejusdem
928 1981 1017 2046 Juris
1042 1980 1166 2066 Corpus
1190 1980 1386 2066 perbreves
1410 1987 1442 2043 et
1466 2000 1517 2042 so·

634 2087 756 2152 lemnes
779 2089 904 2174 glossas
928 2089 1168 2152 accuratissime
1191 2087 1437 2169 commentavit3
1455 2107 1517 2172 que

633 2201 722 2259 tante
746 2195 961 2279 auctoritatis,
985 2196 1153 2282 gratiaque
1183 2195 1273 2258 fuere
1302 2202 1337 2258 ut
1361 2215 1518 2258 consensu

634 2303 775 2366 omnium
798 2304 925 2388 publice
949 2303 1224 2388 approbarentur,
1242 2309 1274 2366 et
1297 2301 1423 2387 spretis,
1441 2301 1518 2365 abo·

631 2409 761 2494 litisque
792 2411 921 2496 penitus
953 2410 1042 2492 aliis,
1067 2410 1135 2475 sole
1156 2411 1252 2494 juxta
1275 2416 1383 2472 textus
1408 2409 1516 2493 legum

631 2518 778 2604 apposite
802 2525 892 2600 sunt,
917 2525 949 2582 et
971 2518 1091 2603 ubique
1114 2525 1274 2582 terrarum
1297 2517 1366 2580 siue
1389 2524 1516 2581 contro·

632 2626 738 2689 versia
761 2648 819 2711 pro
844 2626 971 2710 legibus
995 2626 1209 2708 celebrantur,
1227 2627 1272 2688 ita
1288 2633 1324 2690 ut
1347 2647 1515 2712 propemo-

631 2733 708 2797 dum
733 2734 823 2797 nefas
846 2734 904 2816 sit,
928 2755 992 2798 non
1015 2755 1107 2798 secus
1132 2755 1228 2819 quam
1250 2735 1373 2816 textui,
1397 2733 1514 2818 glossis

631 2840 780 2905 Aecursii
803 2841 980 2922 contraire,
1004 2843 1087 2905 sicut
1103 2843 1235 2927 antiqua
1252 2843 1339 2904 fama
1354 2841 1515 2905 referente

631 2949 782 3034 comperi.
809 2949 938 3012 Stature
970 2948 1118 3013 militaris
1148 2949 1340 3022 Accursius,
1365 2955 1514 3034 aspectus

632 3056 815 3141 gravissimi
839 3063 871 3120 et
895 3055 1063 3120 reverendi
1086 3054 1143 3119 sed
1167 3056 1394 3120 considerativi
1417 3063 1514 3141 atque

631 3163 842 3246 melancoliei,
866 3165 1001 3249 ejusque
1025 3161 1110 3249 quod
1134 3185 1261 3248 semper
1284 3185 1334 3227 me
1358 3163 1515 3228 ditaretur

630 3271 753 3356 ingenii
776 3279 808 3335 et
832 3271 984 3334 memorie
1007 3292 1105 3356 supra
1128 3270 1258 3334 modum
1281 3271 1514 3354 vivacissimus,

630 3379 696 3442 vite
724 3400 801 3443 vero
836 3377 942 3442 sobrie
974 3384 1070 3463 atque
1101 3378 1296 3460 castissime,
1321 3399 1516 3463 quamquam

634 3485 735 3550 nitido
759 3494 791 3550 et
814 3486 972 3572 perpolito
996 3487 1115 3549 vestitu
1138 3485 1362 3568 delectaretur,
1384 3507 1447 3570 quo
1470 3487 1516 3550 vi·

633 3594 763 3659 deretur
786 3615 959 3680 pomposus
989 3600 1097 3656 tamen
1121 3593 1190 3657 sine
1213 3593 1358 3675 fastidio,
1381 3615 1400 3656 a
1424 3595 1516 3678 cujus

633 3701 744 3767 habito
782 3701 988 3786 moribusque
1019 3702 1090 3784 ejus
1124 3699 1287 3764 auditores
1323 3722 1386 3765 non
1422 3723 1515 3766 secus

633 3830 730 3894 quam
753 3831 795 3872 ex
819 3830 873 3874 ore
895 3808 1015 3872 diserto
1043 3809 1133 3892 leges
1155 3808 1285 3872 vivendi
1308 3809 1513 3874 hauriebant.

630 3915 778 3981 Mortuus
800 3924 848 3981 est
868 3917 933 3980 vite
950 3937 1006 3980 sue
1023 3937 1107 3980 anno
1125 3916 1363 4001 septuagesimo
1380 3923 1412 3981 ct
1428 3925 1516 3981 octa·

631 4046 689 4109 vo,
714 4025 818 4110 gratie
842 4045 918 4088 vero
942 4023 1112 4088 millesimo
1136 4023 1355 4088 ducentesimo
1379 4045 1515 4108 sexage-

630 4133 710 4196 simo
735 4133 864 4218 quinto,
889 4139 921 4196 et
944 4132 1090 4196 Bononia
1119 4132 1272 4195 eminenti
1296 4131 1442 4196 conditus
1466 4139 1515 4196 est

630 4240 777 4326 sepulcro
800 4240 834 4302 in
853 4240 962 4326 platea
982 4239 1134 4303 Fratrum
1150 4238 1311 4303 lllinorum
1327 4239 1429 4304 titulis
1446 4261 1513 4303 mo·

630 4347 775 4410 numenti
810 4347 1013 4432 prescriptis,
1049 4347 1164 4432 quibus
1199 4346 1344 4410 redditur
1377 4347 1515 4432 pesteris

630 4454 735 4540 qualis
758 4461 884 4518 constat
907 4453 1006 4518 fnisse
1029 4454 1225 4518 viventibus.

692 4668 771 4755 Oap.
794 4668 837 4733 X.
861 4670 912 4733 De
935 4668 1109 4733 Francisco
1133 4669 1280 4733 Aaaursii
1304 4669 1380 4733 lilio.

712 4830 762 4895 De
785 4830 959 4895 Franciseo
983 4830 1132 4896 Accursii
1154 4830 1237 4914 lilio,
1260 4829 1429 4895 defensore

913 4938 1096 5023 glossarum
1119 4938 1230 5023 patris.

689 5101 882 5166 Francisous
906 5101 1054 5166 Accersii
1076 5101 1161 5164 filius
1181 5101 1311 5187 ingenio
1328 5109 1360 5165 et
1376 5101 1512 5186 diligen·

626 5210 673 5274 tia
696 5231 902 5296 nequaquam
925 5209 1058 5273 inferior
1080 5215 1182 5294 patre,
1198 5216 1271 5295 post
1295 5217 1430 5273 mortem
1455 5231 1512 5295 pa-

625 5318 683 5382 tris
707 5317 853 5381 Bononia
877 5317 1037 5382 laboriose
1060 5316 1169 5380 docuit
1189 5318 1265 5400 jura
1288 5317 1411 5399 civilia,
1436 5337 1511 5381 con·

626 5425 856 5489 flictationibus
880 5424 1056 5488 innumeris
1081 5424 1254 5510 impetitus,
1271 5425 1440 5509 presertim
1456 5425 1513 5488 bo·

626 5532 834 5596 nonicnsibus
859 5531 1061 5613 doctoribus,
1086 5531 1197 5596 livoris
1222 5531 1362 5613 insania,
1387 5532 1512 5615 glossas

625 5639 773 5704 Accursii
798 5639 988 5704 conantibus
1011 5638 1158 5721 abolere;
1184 5659 1222 5703 eo
1250 5637 1407 5724 siquidem
1431 5645 1512 5702 tem·

624 5769 703 5833 pore
736 5746 919 5812 Odofredus
954 5768 994 5810 ex
1031 5746 1131 5811 nobili
1166 5747 1353 5832 potentique
1386 5745 1511 5808 familia

625 5854 815 5920 bononiensi
839 5862 951 5936 natus,
975 5854 1142 5939 multaque
1174 5854 1246 5938 lege
1270 5854 1432 5939 preditus,
1455 5853 1511 5938 qui

623 5961 721 6026 etiam
745 5962 958 6047 glossaverat,
980 5967 1012 6025 et
1035 5962 1068 6024 in
1091 5961 1215 6025 lectura
1239 5982 1312 6024 cum
1336 5960 1509 6025 Franciseo

623 6071 845 6134 concurrebat.
870 6069 935 6134 Hic
965 6077 1001 6132 ut
1031 6069 1180 6133 Accursii
1209 6088 1323 6131 nomen
1348 6067 1509 6131 oblivione

622 6178 763 6260 deleret,
793 6177 864 6262 ejus
899 6177 1024 6262 glossas
1059 6176 1241 6240 convellere
1276 6175 1351 6240 totis
1387 6175 1509 6238 viribus

623 6287 811 6351 conabatur.
831 6283 895 6348 Sed
914 6283 1107 6348 Franciscus
1126 6283 1255 6369 paterni
1278 6281 1428 6346 defensor
1452 6303 1508 6346 no·

621 6395 716 6458 minis
733 6393 871 6479 publicis
887 6391 1159 6478 disputationibus
1176 6399 1287 6455 contra
1304 6391 1409 6475 ipsum
1425 6411 1508 6453 sem-

620 6525 679 6589 per
703 6502 851 6584 obtinuit,
869 6500 953 6565 nude
970 6521 1035 6565 non
1057 6499 1163 6563 minus
1186 6499 1317 6564 honoris
1340 6499 1373 6562 in
1397 6498 1507 6562 defen·

1393 635 1721 687 Monnnnnnonnnt

1586 789 1700 854 deudis
1731 789 1847 875 glossis
1882 791 2025 876 paternis
2061 799 2251 854 consecutus
2282 799 2348 872 est,
2372 813 2465 876 quam

1585 905 1678 984 pater
1701 899 1733 962 in
1757 899 1995 984 componendis.
2019 898 2083 963 Hic
2106 897 2251 962 Bononia
2276 900 2357 984 objit
2384 921 2464 966 anno

1584 1006 1688 1090 gratie
1722 1006 1892 1070 millesimo
1926 1007 2151 1071 trecentesimo
2187 1029 2289 1090 nono,
2314 1008 2379 1072 vite
2411 1031 2464 1074 sue

1585 1120 1699 1176 octavo
1723 1122 1754 1176 et
1778 1115 1992 1199 sexagesimo,
2010 1123 2042 1178 et
2065 1113 2098 1177 in
2114 1121 2249 1200 paterno
2266 1116 2463 1202 sarcophago

1584 1221 1790 1306 consepultus
1814 1228 1872 1285 est.

1646 1436 1725 1523 Cap.
1749 1437 1810 1502 XI.
1835 1439 1885 1504 De
1909 1440 1994 1506 Dino
2019 1441 2058 1504 de
2082 1441 2250 1528 Moysello

1582 1597 1633 1662 De
1657 1599 1743 1664 Dino
1766 1600 1806 1664 de
1829 1601 1987 1686 llloysello
2011 1601 2141 1668 doctore
2173 1625 2290 1690 magno
2312 1608 2394 1691 juris
2423 1611 2463 1672 ci-

1644 1706 1728 1788 vilis,
1746 1708 1801 1792 qui
1824 1708 1951 1772 titulum
1975 1709 2015 1773 de
2035 1712 2214 1775 actionibus
2232 1713 2263 1776 in
2277 1714 2350 1797 jure
2368 1715 2462 1799 civili,

1645 1819 1677 1876 et
1700 1813 1740 1878 de
1765 1815 1885 1900 regulis
1905 1817 1988 1900 juris
2012 1819 2157 1882 canonici
2181 1825 2419 1886 commentarit.

1643 1975 1781 2040 Difficile
1805 1986 1854 2042 est
1877 2001 1945 2042 rem
1965 1979 2112 2045 camdem
2135 1981 2311 2068 similisque
2332 1987 2463 2050 materie

1579 2105 1715 2170 persepe
1728 2086 1941 2150 tractantibus
1958 2087 2113 2172 ordinem,
2127 2091 2320 2178 modumque
2337 2092 2463 2158 dicendi

1581 2192 1732 2257 continuo
1745 2194 1882 2277 variare,
1897 2195 1974 2281 quin
1989 2196 2097 2281 sepius
2114 2197 2146 2260 in
2160 2197 2272 2262 eadem
2287 2201 2386 2264 verba
2402 2223 2462 2266 nou

1581 2300 1726 2366 recidant
1748 2302 1848 2367 latine
1872 2304 1982 2389 lingue
2007 2305 2132 2392 inopia;
2149 2314 2240 2371 tanta
2264 2310 2349 2372 enim
2367 2311 2397 2373 in
2416 2311 2463 2375 his

1579 2408 1657 2472 viris
1681 2431 1805 2473 morum
1829 2411 2015 2495 similitudo,
2040 2420 2130 2476 tanta
2155 2413 2286 2498 ingenii,
2306 2417 2463 2481 doctrine-

1579 2537 1652 2601 que,
1676 2518 1823 2602 parilitas
1846 2525 1904 2601 est,
1922 2527 1957 2583 ut
1981 2542 2044 2584 uno
2068 2520 2163 2603 dieto,
2181 2523 2279 2586 ceteri
2295 2524 2464 2590 videantur

1578 2623 1679 2688 ferme
1696 2625 1832 2690 relati..
1848 2675 1855 2690 .
1871 2675 1878 2690 .
1896 2626 2001 2711 Igitur
2012 2627 2116 2692 Dinus
2133 2629 2172 2692 dc
2185 2629 2353 2716 Moysello,
2368 2654 2462 2717 quem

1578 2731 1684 2796 locum
1708 2733 1859 2818 vulgares
1884 2733 2055 2798 verborum
2079 2737 2282 2822 propriorum
2299 2749 2463 2826 corrupto·

1578 2861 1629 2903 res
1652 2839 1826 2904 Macellum
1851 2842 2027 2926 appellant,
2045 2844 2150 2928 ignari
2166 2844 2272 2908 locum
2290 2847 2377 2911 mille
2395 2869 2463 2912 sca·

1578 2947 1771 3013 turientibus
1795 2949 1937 3012 fontibus
1951 2999 1958 3014 .
1974 2999 1980 3013 .
1996 2999 2026 3014 ..
2050 2951 2140 3014 fluvii
2164 2952 2327 3017 alluvione
2352 2955 2462 3040 letari,

1578 3063 1650 3142 post
1673 3056 1864 3120 Aecursium
1889 3065 1921 3120 et
1944 3057 2153 3123 Franciscum
2184 3061 2324 3125 mirabili
2355 3064 2464 3146 legum

1579 3163 1695 3227 claruit
1718 3163 1898 3250 disciplina.
1923 3166 1999 3230 Fuit
2022 3167 2189 3252 siqnidem,
2214 3175 2249 3231 ut
2274 3169 2314 3232 ab
2339 3171 2463 3235 audito-

1579 3270 1668 3334 ribus
1691 3271 1757 3334 suis
1781 3273 1933 3358 comperi,
1951 3273 2035 3358 quod
2060 3281 2092 3336 et
2116 3275 2186 3358 ejus
2203 3277 2323 3361 scripta
2340 3285 2462 3341 testan-

1578 3385 1641 3460 tur,
1659 3379 1743 3443 bono
1767 3379 1963 3442 incredibilis
1980 3381 2132 3444 memorie
2149 3383 2325 3467 preclarus,
2342 3385 2464 3468 ingenii

1579 3507 1656 3550 vero
1680 3486 1918 3571 preclarissimi,
1936 3509 1999 3572 quo
2016 3489 2047 3552 in
2065 3497 2189 3552 secreta
2209 3489 2318 3574 legum
2341 3493 2462 3576 prisca·

1581 3611 1651 3658 rum
1675 3615 1768 3658 neruo
1788 3595 1902 3677 actius,
1918 3595 2173 3681 profundiusque
2189 3601 2380 3682 penetravit.
2400 3601 2463 3666 llic

1579 3701 1680 3766 multo
1704 3709 1847 3788 tempore
1878 3702 1983 3786 legem
2015 3702 2178 3788 professus
2202 3705 2329 3790 publice
2353 3707 2464 3773 docuit

1578 3809 1611 3874 in
1636 3809 1765 3873 civitate
1788 3808 1946 3891 Bononia,
1964 3810 2190 3896 auditoresque
2207 3814 2324 3878 multos
2346 3823 2377 3878 et
2403 3818 2463 3880 uti·

1579 3938 1641 4003 qna
1664 3917 1935 4002 prestantissimae
1960 3918 2098 4004 reliquit.
2122 3919 2226 3982 Fama
2256 3921 2317 3985 viri
2347 3923 2462 4007 bnjus,

1579 4046 1651 4089 curn
1675 4024 1716 4087 ad
1739 4046 1899 4089 summum
1926 4027 2108 4110 pontificem
2136 4026 2341 4092 Bonifacium
2364 4029 2462 4096 Vlll.

1578 4133 1787 4218 pervenisset,
1811 4133 1944 4218 ipseque
1975 4140 2106 4219 cuperet
2138 4135 2251 4220 quinto
2282 4146 2314 4200 et
2348 4139 2464 4204 ultimo

1578 4240 1798 4305 Decretallum
1832 4240 1914 4304 libro
1950 4263 2106 4305 novorum
2142 4263 2301 4307 canonum
2333 4255 2463 4310 sextum

1579 4348 1730 4432 adjicere,
1744 4354 1786 4431 et,
1800 4370 1861 4433 que
1871 4349 1938 4433 juri
1953 4350 2108 4414 canonico
2127 4349 2320 4416 videbantur
2337 4353 2463 4437 deesse,

1578 4456 1739 4542 supplere,
1756 4457 1911 4520 accersito
1935 4456 2030 4538 Dino,
2053 4457 2084 4520 in
2109 4457 2185 4543 ipsis
2210 4460 2387 4525 condendis
2413 4484 2463 4526 or·

1579 4563 1790 4649 dicandisque
1814 4563 1971 4644 Decretis,
1991 4565 2062 4649 ejus
2084 4567 2236 4652 precipue
2261 4589 2359 4653 opera
2385 4591 2463 4632 usus

1577 4679 1647 4754 est3
1671 4693 1808 4758 eumque
1843 4679 2015 4758 propterca
2050 4673 2268 4738 cardinalatus
2303 4675 2464 4760 dignitato

1577 4780 1777 4864 cogitaverat
1800 4800 1983 4860 munerare,
2008 4779 2165 4866 signaque
2190 4783 2377 4846 intentionis
2404 4785 2463 4848 hu·

1573 4885 1715 4972 jusmodi
1732 4892 1844 4972 aperta
1860 4894 2104 4951 monstraverat.
2120 4887 2194 4968 Sed,
2208 4911 2280 4952 cum
2296 4897 2365 4953 tum
2384 4893 2463 4954 alie-

1575 5016 1628 5076 no,
1648 5001 1717 5058 tum
1741 5014 1797 5056 sue
1820 4993 1926 5056 anime
1950 4994 2099 5056 vertisset
2122 4994 2255 5058 consilio
2279 4996 2462 5080 diligentis·

1575 5102 1675 5165 simus
1690 5100 1854 5182 Pontifex,
1867 5107 2039 5186 propterea
2055 5109 2204 5186 oportere
2217 5102 2321 5165 virum
2338 5104 2463 5168 lecture

1575 5208 1746 5295 perutilem
1777 5208 1818 5271 ab
1849 5207 1952 5292 ipsam
1983 5229 2048 5271 non
2077 5207 2259 5292 discedere,
2284 5211 2462 5276 rrrultorum

1575 5317 1760 5382 auditorum
1790 5315 1918 5395 damno,
1942 5316 2111 5400 ipsumque
2142 5317 2285 5381 moribus
2313 5317 2463 5384 Ecclesia

1575 5445 1690 5510 parum
1706 5423 1774 5488 fore
1791 5422 1998 5505 conformem,
2016 5445 2035 5486 a
2051 5425 2215 5508 proposito
2232 5425 2378 5508 resilivit,
2394 5449 2462 5490 nra-

1575 5531 1711 5617 gnisque
1745 5531 1896 5594 laudibus
1931 5530 2208 5612 commendatum,
2240 5532 2463 5618 donatumque

1575 5639 1761 5704 muneribus
1777 5638 1939 5724 persuasit
1951 5638 2020 5702 viro
2037 5638 2141 5702 redire
2154 5638 2346 5722 Bononiam,
2360 5649 2395 5703 et
2410 5662 2463 5704 ve-

1575 5747 1619 5809 ris
1635 5767 1750 5810 vacare
1768 5745 1882 5808 studiis
1899 5752 1931 5808 et
1946 5745 2109 5809 doctrinis.
2127 5746 2243 5826 Diuus,
2257 5767 2312 5831 spe
2330 5746 2464 5831 abjecta

1574 5860 1743 5939 expectate
1766 5852 1944 5936 dignitatis,
1963 5852 2057 5936 idque
2075 5851 2115 5914 ad
2132 5853 2285 5936 injuriam
2302 5875 2463 5918 revocans

1572 5961 1714 6024 maximo
1738 5960 1844 6024 cordis
1872 5980 1996 6023 merore
2020 5959 2184 6022 confectus
2207 5959 2269 6022 iter
2293 5960 2463 6045 ingressus

1573 6067 1614 6131 ad
1638 6068 1786 6149 reditum,
1807 6075 1880 6152 post
1903 6067 1971 6130 dies
1994 6087 2114 6152 paucos
2138 6066 2271 6149 itineris,
2289 6071 2463 6152 repentino

1572 6175 1684 6240 morbo
1708 6183 1874 6261 correptus
1898 6175 2019 6238 interiit
2049 6181 2150 6237 morte
2182 6195 2259 6237 sane
2291 6174 2461 6259 inaudita,

1572 6283 1628 6346 sed
1652 6305 1714 6368 que
1738 6283 1821 6347 solet
1843 6281 2020 6346 illustribus
2044 6281 2122 6344 viris
2146 6281 2178 6345 in
2202 6281 2344 6344 naturali
2368 6284 2462 6346 exitu

1573 6411 1642 6453 esse
1660 6390 1846 6475 persimilis3
1860 6390 1886 6452 is
1903 6387 2033 6474 quidem
2049 6388 2134 6453 dicto
2152 6390 2184 6454 iu
2201 6397 2383 6452 commeatu
2396 6439 2404 6452 .
2417 6439 2424 6453 .
2435 6438 2461 6453 ..

1572 6497 1759 6583 appulisset,
1777 6505 1933 6582 nocteque
1951 6504 2053 6560 mesto
2078 6497 2210 6559 nimium
2234 6495 2344 6559 animo
2370 6495 2463 6560 labo-
