5544 7750
1018 655 1100 706 ana.
1132 655 1204 705 orn.
1233 656 1280 704 nr
1310 654 1394 704 cau.
1425 653 1532 704 enon.
2105 631 2178 701 351

364 816 488 890 nullibi
516 825 613 889 certo
641 816 795 888 traditur
810 811 861 886 (¹).
882 812 1038 884 Videtur
1065 837 1149 908 ergo
1178 837 1269 909 quae
1298 812 1332 884 in
1363 810 1430 884 illis
1455 811 1677 908 processibus
1697 811 1740 883 de
1760 810 1984 904 Macagnano
2003 809 2180 905 dicuntur,

364 966 435 1014 non
464 942 508 1014 ad
537 941 605 1014 III.
636 940 697 1012 sed
726 939 771 1012 ad
801 938 848 1010 Il.
880 961 956 1009 esse
986 936 1194 1033 referenda,
1224 936 1433 1034 praesertim
1462 960 1541 1008 curn
1570 935 1674 1008 huius
1707 942 1827 1031 aetas,
1854 943 2000 1035 propter
2037 933 2183 1007 senilem

364 1065 608 1137 maturitatem
633 1071 668 1135 et
698 1061 934 1160 prudentiam,
956 1059 1067 1132 multo
1088 1059 1132 1132 ad
1153 1085 1208 1132 res
1228 1059 1457 1155 gravissimas
1477 1059 1775 1132 administrandas
1794 1057 2056 1131 accomodatior
2076 1065 2180 1153 esset,

365 1214 470 1286 quam
501 1201 599 1261 aetas
627 1187 842 1282 Macagnani
870 1185 938 1258 III.
968 1185 1114 1257 nimium
1145 1184 1260 1257 adhue
1288 1183 1450 1257 iuvenilis
1479 1191 1514 1256 et
1542 1183 1744 1255 immatura.
1775 1183 1844 1256 Sed
1881 1206 2004 1256 rursus
2042 1207 2087 1255 ex
2115 1181 2182 1254 bac

365 1313 465 1386 senili
495 1321 613 1385 aetate
646 1309 861 1406 Macagnani
898 1334 992 1382 nova
1029 1334 1094 1382 neo
1123 1334 1207 1382 sane
1236 1309 1422 1381 mediocris
1460 1308 1572 1380 oritur
1607 1306 1816 1379 difficultas:
1847 1331 1930 1378 nam
1969 1307 2183 1404 oportuisset

366 1437 555 1534 (quoniam
584 1437 828 1532 Macagnanus
856 1433 914 1507 ille
943 1435 1002 1530 qui
1032 1444 1152 1507 orator
1180 1433 1248 1507 fuit
1280 1433 1324 1506 ad
1354 1433 1563 1506 Pontificem
1590 1455 1700 1527 gener
1728 1439 1805 1504 erat
1833 1430 2051 1525 Thaddaei),
2081 1455 2184 1528 opor·

364 1563 503 1657 tuisset,
525 1563 680 1658 inquam,
707 1569 746 1633 ut
774 1570 895 1633 noster
923 1560 969 1632 ad
997 1560 1171 1632 secundas
1200 1539 1343 1656 nuptias
1373 1557 1672 1655 septuagennario
1701 1557 1814 1629 maior
1841 1556 2062 1628 transiisset:
2092 1557 2187 1653 quod

364 1687 431 1760 hae
460 1686 629 1759 facillima
657 1687 794 1758 ratione
824 1683 1018 1757 conficitur.
1049 1683 1210 1779 Constat,
1238 1708 1331 1756 anno
1361 1661 1721 1756 monsteuranni
1747 1681 1846 1754 illurn
1875 1690 1911 1754 et
1939 1682 1973 1752 in
2003 1680 2184 1779 republica

365 1820 401 1886 et
428 1813 464 1884 in
487 1811 672 1908 gymnasio
693 1810 828 1884 clarum
856 1807 1028 1882 fuissem.
1050 1809 1097 1880 Et
1125 1833 1340 1906 quamquam
1369 1832 1411 1881 ea
1441 1832 1587 1880 munera
1615 1808 1743 1903 quibus
1773 1806 1831 1880 ille
1856 1816 1940 1879 tune
1967 1806 2185 1900 fungebatur

365 1945 521 2010 aetatem
544 1937 771 2030 grandiorem
792 1959 936 2033 poscere
955 1934 1156 2028 videantur,
1177 1934 1234 2006 fae
1262 1941 1381 2006 tamen
1411 1932 1536 2005 XXV.
1558 1932 1746 2004 dumtaxat
1765 1955 1876 2003 annos
1895 1931 2073 2004 habuisse.
2094 1930 2184 2004 Erat

365 2061 474 2156 igitur
493 2069 599 2134 natus
619 2084 712 2133 anno
740 2058 962 2132 MCOLXII.
992 2057 1142 2131 Constat
1170 2043 1312 2130 rursum
1330 2082 1423 2130 anno
1441 2054 1740 2129 MCCCXXXII.
1771 2054 1921 2128 Beldam
1941 2055 2015 2128 eius
2036 2080 2183 2129 uxorem

365 2188 402 2259 in
431 2188 520 2259 vivis
549 2187 663 2260 adbuc
693 2183 867 2258 suissed).
897 2185 1009 2279 Finge
1048 2183 1144 2257 illam
1174 2185 1296 2256 eodem
1325 2182 1402 2280 ipso
1430 2201 1523 2256 anno
1553 2181 1699 2275 obiisse,
1729 2189 1765 2254 et
1793 2180 2057 2276 Macagnanum
2089 2205 2183 2254 anno

365 2312 528 2409 proximo
557 2309 877 2384 MCCCXXXIII.
908 2309 953 2382 ad
982 2333 1092 2382 noras
1121 2309 1263 2406 nuptias
1297 2307 1497 2381 accessisse.
1532 2306 1587 2378 En
1619 2305 1864 2400 Macagnanus
1896 2330 2070 2377 annorum
2106 2313 2183 2378 erat

364 2436 504 2509 LXXI.
527 2460 605 2508 oum
626 2435 734 2508 filiam
754 2434 939 2507 Thaddaei
958 2434 1082 2528 duxit;
1103 2458 1185 2506 nam
1206 2432 1348 2506 omnino
1366 2433 1411 2504 ab
1435 2455 1527 2503 anno
1547 2429 1770 2503 MCOLXII.
1792 2430 1836 2503 ad
1860 2429 2181 2504 MCCOXXXIII.

365 2561 449 2634 anni
476 2560 623 2633 totidem
653 2561 905 2632 intercurrunt.
926 2559 1009 2630 Non
1033 2559 1238 2653 negaverim
1267 2557 1343 2629 fieri
1372 2556 1406 2628 id
1435 2556 1577 2652 quidem
1605 2564 1784 2651 utcunque
1813 2555 1989 2652 potuisse;
2018 2556 2081 2628 sed
2108 2554 2185 2628 fieri

366 2708 436 2757 non
465 2683 593 2779 solere,
625 2683 783 2780 adeoque
813 2682 954 2755 difficile
983 2683 1120 2755 creditu
1149 2706 1225 2755 esse
1253 2705 1356 2753 nemo
1384 2705 1455 2752 non
1484 2679 1592 2752 videt.

474 2808 559 2880 VII.
591 2808 683 2898 Quid
713 2809 828 2902 ergo?
856 2807 1061 2880 Tribuenda
1090 2815 1194 2878 erunt
1223 2806 1445 2900 Macagnano
1473 2805 1541 2877 Ill.
1573 2828 1733 2899 eaquae
1769 2811 1939 2900 tanquam
1976 2804 2112 2877 incerta
2148 2804 2183 2876 in

367 2930 434 3005 hoc
462 2931 546 3005 lolio
575 2932 821 3028 seposuimus?
850 2931 927 3027 Ego
957 2931 1120 3028 equidem
1149 2930 1326 3002 affirmare
1354 2954 1425 3002 non
1454 2929 1587 3023 ausim,
1609 2929 1671 2999 sed
1699 2928 1818 3000 neseio
1847 2929 2022 3024 quomodo
2055 2928 2117 3002 fiat
2144 2937 2185 3002 ut

368 3057 405 3129 in
434 3082 512 3130 eam
540 3057 754 3129 sententiam
784 3057 895 3152 magis
924 3056 1175 3154 propendcam.
1207 3055 1301 3127 Nam
1321 3055 1392 3150 I.⁰,
1415 3054 1444 3125 si
1472 3053 1718 3148 Macagnanus
1746 3052 1815 3126 III.
1837 3078 1948 3126 annos
1971 3062 2076 3126 natus
2095 3053 2183 3128 XX.

367 3181 597 3280 plebanatum
625 3182 788 3279 adeptus,
810 3182 842 3254 ei
869 3191 993 3278 postea
1022 3181 1187 3275 dignitati
1215 3181 1284 3252 imo
1313 3179 1423 3251 statui
1451 3178 1546 3251 omni
1573 3177 1823 3274 ecclesiastico,
1852 3179 2020 3282 nuncium
2048 3179 2185 3251 remisit

367 3317 402 3380 et
430 3308 654 3380 matrimonio
683 3331 720 3379 se
749 3305 907 3400 addixit,
938 3305 974 3376 in
1008 3329 1050 3378 ea
1087 3329 1124 3378 re
1163 3303 1249 3376 nihil
1285 3303 1464 3376 insolitum
1502 3303 1624 3398 video,
1655 3301 1742 3376 nihil
1778 3302 1872 3400 quod
1909 3328 1977 3376 non
2016 3304 2061 3376 ab
2099 3304 2184 3376 ado-

367 3431 579 3505 lescentibus
612 3430 816 3529 saepissime
850 3430 926 3524 fiat,
956 3430 1167 3527 praesertim
1199 3453 1279 3502 cum
1311 3428 1386 3500 fieri
1419 3427 1522 3500 facile
1556 3427 1724 3525 potuerit,
1753 3436 1793 3499 ut
1826 3436 1986 3524 tempore
2020 3428 2185 3502 datarum

365 3556 570 3651 literarum,
609 3555 713 3628 alteri
754 3555 906 3651 cuipiam
946 3554 1094 3627 collatus
1134 3555 1204 3626 iam
1239 3561 1332 3626 esset
1365 3552 1604 3647 Plebanatus,
1635 3577 1725 3649 quae
1763 3559 1841 3625 erat
1878 3553 2032 3626 conditio
2068 3553 2104 3624 in
2142 3552 2185 3625 li-

366 3681 452 3754 teris
488 3679 691 3778 apostoliois
720 3679 894 3777 apposita.
924 3679 992 3752 II.⁰
1023 3679 1246 3775 Quamquam
1274 3679 1317 3750 de
1353 3677 1446 3750 illius
1484 3676 1670 3750 doctoratu
1705 3675 1829 3750 nullibi
1857 3685 2014 3774 constet,
2045 3686 2184 3750 constat

367 3815 596 3878 tamencum
625 3804 722 3901 leges
760 3811 949 3900 sequutum
978 3803 1107 3898 fuisse,
1139 3803 1312 3876 maximos
1340 3803 1377 3874 in
1406 3803 1447 3874 iis
1476 3825 1685 3900 progressus
1713 3801 1838 3874 fecisse
1868 3811 1904 3874 et
1931 3801 2115 3898 licentiae,
2145 3809 2185 3875 ut

369 3931 523 4025 aiebant,
544 3931 714 4002 honorem
742 3939 824 4002 ante
854 3929 1063 4024 vigesimum
1092 3929 1221 4001 aetatis
1249 3953 1383 4001 annum
1410 3928 1519 4001 fuisse
1548 3928 1716 4025 adeptum
1728 3925 1777 3999 (⁴).
1804 3927 1930 4024 Itaque
1956 3926 2044 3999 nibil
2072 3926 2185 4023 magis

366 4057 402 4129 in
441 4067 608 4154 promptu
644 4080 750 4152 quam
788 4055 931 4127 credere
969 4053 1067 4126 illum
1104 4078 1328 4151 nequaquam
1357 4055 1391 4125 in
1421 4053 1488 4127 hoo
1517 4053 1631 4151 primo
1659 4039 1803 4124 honoris
1841 4053 1954 4147 gradu
1992 4052 2185 4126 consistere

367 4180 534 4275 voluisse,
564 4180 625 4253 sed
655 4180 699 4252 ad
729 4204 906 4252 summum
934 4180 1139 4253 doctoratus
1168 4179 1355 4276 aspirasse,
1386 4188 1540 4274 atquae
1569 4185 1646 4250 erat
1675 4177 1750 4250 eius
1778 4177 1911 4272 ingenii
1939 4185 1975 4250 et
2002 4177 2184 4250 doetrinae

371 4305 467 4378 lama
495 4305 603 4400 nullo,
633 4305 775 4400 negotio
812 4313 1040 4377 consecutum
1068 4305 1187 4377 fuisse.
1223 4303 1309 4377 ΙΙΙ.ο
1340 4303 1562 4376 Gravissima
1598 4302 1761 4398 negotia,
1792 4302 1920 4399 quibus
1953 4301 2187 4400 procurandis

367 4430 546 4504 adhibitus
575 4429 643 4501 suit
671 4453 763 4502 anno
792 4428 1148 4502 MCCCXXXVIII.
1178 4429 1422 4523 Macagnanus
1450 4426 1520 4524 ille,
1551 4428 1593 4500 de
1623 4427 1756 4524 quoin
1785 4427 1974 4524 pepuliano
2004 4451 2183 4525 processu,

367 4555 487 4627 iudicii
516 4553 658 4651 quidem
687 4555 930 4627 maturitatem
958 4555 1162 4651 requirnnt,
1192 4554 1254 4626 sed
1289 4553 1381 4626 banc
1420 4578 1489 4626 non
1527 4553 1577 4626 ita
1612 4577 1734 4626 senum
1765 4577 1842 4626 esse
1872 4553 2071 4649 propriam,
2102 4552 2184 4648 quin

367 4679 473 4752 etiam
503 4703 757 4776 saepenumero
787 4680 823 4751 in
851 4679 1036 4752 iuvenibus
1065 4679 1264 4776 reperiatur
1292 4678 1512 4776 experientia
1543 4687 1715 4772 testatur,
1745 4678 1815 4751 imo
1844 4685 1976 4750 testata
2000 4685 2054 4750 est
2075 4675 2131 4749 vel
2150 4675 2186 4747 in

367 4805 443 4902 ipso
472 4805 696 4900 Macagnano
725 4805 816 4900 III,
837 4828 919 4876 nam
949 4811 1088 4876 constat
1117 4829 1163 4876 ex
1182 4803 1257 4877 eius
1276 4805 1376 4875 Actis
1395 4804 1414 4898 ξ
1433 4803 1502 4877 ΙΙΙ.
1523 4828 1616 4876 anno
1645 4779 1845 4898 insequenti
1864 4800 2185 4875 MCCOXXXIX.

367 4953 493 5002 causas
522 4930 610 5002 duas
638 4929 897 5026 appellationis,
920 4953 1010 5026 quae
1038 4953 1109 5001 non
1138 4953 1222 5002 sane
1250 4927 1338 5002 levis
1367 4937 1469 5001 erant
1497 4929 1677 5024 momenti,
1700 4953 1721 5000 a
1750 4927 1944 5000 Thaddaeo
1973 4925 2109 5024 Papulo
2137 4925 2188 4998 illi

369 5053 477 5125 luisse
506 5052 722 5125 commissas.
754 5054 898 5147 Agebat
927 5077 1032 5149 porro
1061 5063 1135 5124 tum
1165 5053 1409 5146 Macagnanus
1438 5051 1566 5124 aetatis
1595 5076 1725 5123 annum
1755 5051 1961 5146 XXVIII.;
1988 5075 2078 5147 quae
2102 5074 2187 5124 sane

369 5184 468 5249 aetas
497 5177 642 5274 propius
670 5202 692 5249 a
721 5176 888 5250 virilitate
918 5178 1054 5270 aberat,
1075 5202 1182 5274 quam
1211 5178 1256 5250 ab
1284 5176 1534 5250 adolescentia.
1555 5175 1640 5248 IV.⁰
1663 5174 1812 5248 Constat
1840 5201 1885 5248 ex
1910 5175 2070 5247 Macella
2090 5173 2187 5272 bora,

369 5309 453 5374 tom.
475 5301 619 5374 XVIII.
640 5301 722 5374 Rea.
745 5302 822 5374 ital.
834 5361 844 5398 ,
864 5302 929 5374 col.
954 5305 1042 5397 393,
1071 5302 1333 5397 Macagnanum
1361 5300 1608 5396 Azzoguidum
1636 5324 1729 5373 anno
1757 5298 2009 5373 MCOCXLV.
2032 5300 2185 5396 equitem

368 5426 476 5499 luisse
504 5426 639 5498 factum
668 5451 690 5498 a
718 5429 857 5500 Ioanne
877 5426 1014 5523 Papulo
1029 5425 1078 5499 (5).
1101 5427 1187 5516 Quis
1215 5436 1334 5499 autem
1365 5426 1431 5500 sibi
1461 5426 1674 5523 persuadeat
1697 5425 1909 5498 caderehoc
1930 5425 2088 5521 possein
2107 5424 2187 5497 Ma-

369 5575 570 5648 cagnanum
599 5552 676 5625 IL?
705 5577 810 5649 quem
840 5577 902 5649 per
930 5553 965 5624 id
995 5563 1134 5650 tempus
1163 5577 1335 5626 annorum
1356 5560 1395 5624 ut
1415 5552 1598 5624 minimum
1617 5550 1836 5623 LXXXIII.
1857 5550 1966 5623 fuisse
1986 5551 2186 5647 oportebat,

369 5678 471 5750 iuxta
499 5678 717 5774 superiorem
746 5678 1055 5775 supputationem,
1086 5702 1260 5774 quemque
1294 5677 1439 5749 summis
1478 5676 1670 5750 honoribus
1711 5700 1775 5772 per
1811 5683 1924 5748 totam
1958 5675 2069 5748 vitam
2106 5699 2188 5773 per·

368 5802 541 5897 Iunctum,
564 5827 677 5899 neque
697 5802 790 5874 huno
820 5804 934 5876 denuo
963 5803 1151 5876 ambivisse
1181 5804 1378 5901 putandum
1407 5810 1473 5896 est,
1494 5826 1608 5897 neque
1638 5801 1683 5874 ad
1712 5826 1791 5873 eum
1817 5801 1993 5874 Joannem
2013 5800 2188 5899 Papulum

369 5927 507 6000 deferre
536 5929 722 6023 cogitasse.
753 5929 817 6002 V.⁰
848 5929 905 6000 Ex
934 5929 1058 6001 eadem
1088 5929 1246 6002 Macella
1281 5928 1346 6002 col.
1378 5930 1466 6020 402,
1497 5936 1652 6020 constat,
1684 5951 1763 5999 oum
1797 5925 2043 6021 Macagnanus
2072 5926 2188 5998 Azzo-

450 6279 489 6344 (1)
508 6279 570 6330 Vid.
590 6279 618 6331 in
639 6279 765 6345 Meropo.
786 6279 843 6331 III.
1387 6280 1426 6344 (4)
1447 6278 1509 6330 Vid.
1529 6278 1555 6328 in
1576 6278 1634 6330 eius
1654 6276 1741 6342 Actis,
1760 6278 1775 6343 ξ
1794 6277 1817 6328 Ῑ.

450 6369 489 6434 (2)
511 6367 571 6420 Vid.
591 6369 619 6419 in
639 6369 765 6434 Maroga.
785 6368 836 6433 IL,
854 6369 868 6435 ξ
887 6369 909 6421 Ι.
929 6374 957 6421 et
977 6368 1013 6421 II.
1385 6372 1424 6435 (5)
1445 6369 1507 6420 vid.
1526 6385 1600 6436 sup,
1620 6369 1634 6435 ξ
1654 6366 1707 6418 Ill.

451 6458 489 6523 (a)
509 6456 572 6510 Vid.
592 6457 665 6524 ibid,
685 6459 699 6524 §
718 6457 781 6510 XX.
