5484 7746
651 644 882 696 SPECTANTIA
901 645 953 694 AD
973 645 1138 694 CLASSEM
1158 645 1523 696 ARCHIDIACONORUM
1543 645 1645 695 ECCL.
1666 644 1803 694 Bonos.
2058 624 2133 696 ‘273

408 798 527 862 Actum
548 799 586 882 jn
610 805 680 864 orto
704 799 772 864 sive
796 799 908 884 broylo
933 799 1019 885 apud
1043 800 1201 886 hospitale
1226 799 1474 884 Cruciferorum,
1499 802 1700 886 presentibus
1725 800 1854 864 domiuo
1877 800 2027 864 iohanne
2051 801 2136 865 Pici·

318 904 447 988 nagolo,
464 905 619 989 magistro
642 906 760 992 Egidio
775 906 921 992 Yspauo,
938 907 1091 972 familiari
1107 907 1228 971 domini
1240 907 1401 972 Bonitecii
1417 909 1563 972 canonici
1579 908 1785 972 bononiensis
1801 908 1988 993 supradictj,
2006 908 2135 972 domino

319 1011 497 1094 presbitero
520 1012 707 1094 Frumento,
733 1013 861 1078 domiuo
885 1014 1063 1100 presbitero
1088 1014 1223 1096 Jacobo,
1248 1014 1376 1079 domino
1400 1014 1588 1098 Rarnberto,
1605 1015 1841 1096 mansionariis,
1859 1023 1890 1078 et
1914 1014 2043 1080 domino
2066 1015 2135 1078 Au-

318 1118 464 1199 selmino,
489 1118 605 1184 elerico
630 1127 662 1184 et
686 1120 839 1204 familiarj
863 1121 985 1205 dominj
1009 1122 1156 1206 magistrj
1179 1121 1340 1205 Bernardj
1365 1123 1553 1208 parmensis,
1571 1123 1706 1186 testibus
1728 1123 1850 1186 vocatis
1874 1129 1907 1186 et
1926 1123 2058 1208 rogatis,
2076 1124 2136 1187 sub

319 1246 403 1288 atino
427 1225 559 1290 Domini
583 1228 752 1292 millesimo
777 1228 995 1292 ducentesimo
1020 1229 1234 1313 sexagesimo,
1259 1229 1431 1294 indictione
1455 1231 1565 1311 tercia,
1591 1230 1642 1293 die
1666 1229 1825 1294 dominico
1854 1229 1964 1315 quinto
1997 1238 2135 1294 exeunte

318 1334 488 1398 setembre.

408 1439 558 1522 (ΒΗ.)
584 1441 626 1506 Et
649 1463 710 1526 ego
734 1442 897 1506 Boluisius
929 1443 1091 1527 quondam
1115 1442 1268 1525 Accursi,
1295 1444 1486 1508 auctoritate
1518 1443 1678 1531 iurperialj
1711 1444 1872 1526 notarius,
1896 1444 1957 1508 hiis
1989 1445 2136 1508 omnibus

318 1546 539 1630 divisionibus,
566 1548 806 1630 ordinamentis,
832 1549 960 1613 statutis
984 1571 1042 1635 per
1065 1551 1152 1635 ipsos
1175 1550 1321 1614 dominos
1345 1551 1450 1634 factis,
1467 1558 1499 1614 et
1523 1550 1670 1628 omuibus
1695 1557 1727 1614 ct
1751 1551 1886 1635 siugulis
1909 1551 2135 1637 suprascriptis

315 1654 461 1736 jnterfui,
486 1662 527 1737 et,
553 1654 612 1738 [ut]
637 1677 734 1740 supra
758 1656 888 1742 legitur,
915 1656 1066 1720 mandato
1090 1656 1247 1720 dictorum
1272 1657 1473 1722 dominorum
1499 1657 1673 1744 subscripsi
1697 1665 1757 1722 etc.

1155 1923 1300 1988 XXXII.

1050 2101 1146 2184 1270,
1171 2102 1215 2164 22
1238 2102 1411 2166 decembris.

842 2295 894 2358 Ex
918 2296 1032 2360 eodem
1061 2323 1074 2353 «
1100 2295 1196 2360 Libro
1219 2299 1337 2361 Auium
1364 2323 1394 2380 r,
1419 2319 1483 2361 car.
1511 2301 1550 2361 14
1575 2293 1619 2361 v.⁰

408 2508 567 2572 Noverint
589 2509 731 2572 universi
748 2518 930 2595 presentem
946 2511 1100 2597 paginam
1118 2512 1303 2597 inspecturj,
1321 2512 1406 2598 quod
1422 2534 1480 2576 uos
1498 2513 1705 2595 Octavianus,
1722 2513 1784 2576 Dei
1801 2514 1906 2598 gratia
1929 2513 2136 2578 bononiensis

318 2615 518 2702 Episcopus,
542 2617 611 2680 riso
636 2617 806 2703 privilegio
831 2639 982 2682 concesso
1007 2619 1196 2684 bononiensi
1219 2619 1364 2683 Ecclesia
1388 2642 1446 2705 per
1469 2621 1552 2684 bone
1576 2621 1729 2684 memorie
1752 2629 1877 2706 patrem
1901 2621 2136 2684 secretissimum

319 2722 483 2786 dominum
507 2723 689 2787 Honoriunr
713 2724 849 2810 Papam,
865 2745 902 2788 eo
920 2725 1091 2810 diligenter
1114 2727 1152 2790 de
1177 2727 1276 2790 verbo
1301 2726 1499 2791 adverbum
1524 2727 1617 2809 lecto,
1643 2727 1890 2812 adpetitionem
1916 2727 2056 2815 Capituli
2079 2728 2136 2790 bo-

320 2830 481 2893 noniensis
499 2831 602 2916 ipsurn
619 2831 826 2917 privilegium
841 2833 1040 2896 autenticum
1056 2834 1210 2919 scripturn
1227 2834 1331 2918 redigi
1348 2833 1492 2916 fecinurs,
1503 2835 1567 2897 vim
1581 2835 1746 2919 originalis
1764 2834 1803 2897 de
1821 2841 1926 2899 cetero
1940 2835 2136 2916 habiturum,

319 2958 356 3000 co
380 2938 484 3023 primo
509 2959 566 3023 per
590 2960 658 3021 nos,
683 2945 719 3002 ut
743 2939 862 3003 dictum
887 2947 945 3023 est,
967 2941 1035 3004 viso
1059 2949 1091 3004 et
1114 2941 1197 3005 lecto
1222 2950 1254 3004 et
1277 2942 1408 3006 invento
1432 2963 1504 3006 eum
1528 2963 1605 3005 sera
1630 2948 1661 3005 et
1684 2948 1772 3005 recta
1795 2942 1895 3024 bulla,
1920 2943 1985 3022 lilo,
2009 2942 2082 3005 stilo
2106 2949 2138 3005 et

319 3053 418 3126 cartes,
444 3066 508 3108 non
532 3067 615 3128 raso,
640 3068 704 3110 non
727 3047 839 3110 vitiato
864 3055 895 3110 et
920 3069 983 3111 non
1008 3048 1128 3112 abolito
1152 3049 1184 3112 in
1208 3049 1318 3134 aliqua
1341 3057 1432 3136 parte
1457 3050 1521 3132 sui,
1547 3050 1639 3133 cujus
1666 3035 1829 3134 privilegij
1853 3056 1945 3113 teuor
1972 3049 2046 3113 talis
2071 3056 2135 3114 est:
2188 3089 2191 3096 ·

413 3153 619 3218 «Honorius
644 3155 832 3239 episcopus,
857 3177 969 3219 seruus
993 3177 1158 3220 servorum
1184 3156 1265 3239 Dei,
1290 3157 1415 3221 dilectis
1447 3159 1520 3220 filiis
1550 3158 1699 3243 Capitulo
1723 3158 1913 3222 bononiensi
1945 3158 2137 3222 salutemet

319 3260 529 3345 apostolicam
551 3261 817 3325 benedictionem.
844 3263 924 3326 Cum
948 3284 972 3325 n
991 3265 1083 3327 uobis
1108 3265 1227 3350 petitur
1251 3265 1336 3349 quod
1357 3267 1480 3349 justum
1505 3273 1553 3328 cst
1576 3273 1608 3328 et
1631 3267 1815 3345 honesturn,
1841 3275 1907 3328 tam
1930 3266 2023 3350 rigor
2047 3267 2137 3350 equi-¹

319 3368 394 3430 tatis
428 3389 524 3452 quani
557 3368 634 3431 ordo
667 3369 769 3453 exigit
800 3369 932 3432 rationis
964 3377 999 3432 ut
1022 3370 1053 3432 id
1077 3393 1135 3457 per
1159 3372 1407 3435 sollicitudinem
1439 3372 1532 3435 officii
1563 3373 1663 3436 nostri
1695 3372 1736 3434 ad
1769 3372 1912 3435 debitum
1943 3372 2137 3457 perducatur

319 3473 478 3538 effectum.
503 3473 555 3538 Ex
579 3481 670 3560 parte
695 3475 852 3560 siquidem
876 3485 985 3540 vestra
1008 3477 1069 3540 fuit
1093 3478 1185 3541 nobis
1208 3479 1372 3542 humiliter
1395 3479 1621 3565 supplicatum,
1639 3489 1674 3542 ut
1698 3501 1770 3544 cum
1793 3501 1851 3565 pro
1867 3478 2012 3542 Ecclesie
2029 3487 2134 3542 vestre

320 3581 487 3644 honestate
505 3603 542 3644 ac
560 3589 644 3645 statu
670 3583 808 3667 quiedam
832 3591 954 3646 startuta
979 3583 1118 3648 feceritis
1143 3593 1174 3648 et
1194 3585 1398 3650 firmareritis
1416 3587 1601 3670 juramento
1618 3608 1656 3650 ea
1676 3587 1828 3650 roborare
1849 3587 2039 3650 arroteritate
2057 3607 2133 3670 apo-

319 3689 432 3752 stolica
456 3689 674 3773 dignaremur,
700 3711 757 3754 nos
781 3691 890 3775 igitur,
914 3691 1029 3754 vestris
1051 3692 1147 3775 justis
1170 3693 1319 3778 precibus
1343 3694 1508 3778 iuclinatj,
1534 3693 1663 3758 Statuta
1686 3693 1773 3779 ipsa,
1797 3694 1880 3757 siout
1902 3702 1976 3756 surrt
1999 3693 2135 3779 provida

319 3803 350 3858 ct
374 3795 519 3878 honesta,
536 3803 632 3882 prout
656 3796 687 3860 in
712 3797 900 3861 istrumcnto
925 3798 1053 3884 publico
1078 3799 1194 3864 exinde
1212 3800 1356 3865 eorrfecto
1373 3802 1499 3887 plenius
1517 3802 1729 3882 continentur,
1747 3801 1937 3864 arroteritate
1959 3801 2135 3885 apostolica

320 3903 544 3967 confirmamus
569 3911 601 3966 et
624 3905 782 3990 presentis
806 3905 916 3992 scripti
939 3907 1117 3991 patrocinio
1143 3909 1384 3972 communimus.
1403 3909 1454 3972 Ad
1472 3910 1519 3972 rei
1534 3915 1642 3972 autem
1658 3908 1851 3972 evidentiam
1868 3908 2047 3994 pleniorem
2064 3907 2135 3972 Sta·

317 4017 386 4074 tuta
411 4011 480 4096 ipsa
503 4013 707 4097 presentibus
732 4012 770 4076 de
794 4013 893 4076 verbo
918 4013 1117 4078 adverbum
1141 4015 1292 4079 duximus
1316 4016 1497 4098 inserenda,
1522 4038 1582 4103 que
1608 4017 1686 4080 talia
1711 4023 1801 4078 surii:
1832 4042 1846 4071 α
1870 4015 1937 4101 Epo
1961 4064 2100 4079 .....
2109 4063 2133 4095 ,.

317 4118 561 4183 Arcbidiaconus
585 4118 723 4183 Bononia
745 4121 871 4185 consilia
895 4129 921 4186 et
943 4129 1056 4186 secreta
1082 4121 1218 4207 Capituli
1244 4123 1463 4207 Bononiensis,
1488 4147 1545 4209 pne
1569 4132 1713 4209 precepta
1742 4132 1834 4189 erunt
1865 4145 1924 4188 esse
1946 4131 2057 4187 secreta
2075 4145 2136 4208 per

316 4225 576 4290 Arclridiaconunr
601 4235 628 4290 et
650 4227 949 4311 Arelripresbiterum
976 4231 1019 4293 ael
1042 4251 1147 4294 eorum
1170 4233 1312 4314 alterum,
1332 4233 1383 4315 ret,
1409 4234 1450 4294 eis
1473 4231 1654 4312 caberictibus,
1665 4254 1726 4316 per
1748 4231 1936 4316 Capitulum,
1954 4231 2034 4294 nertii
2052 4213 2134 4314 pan-

317 4333 400 4415 dam,
419 4335 502 4396 ultra
517 4341 653 4397 aeteruum
670 4334 820 4398 decimam
840 4333 1063 4399 Canonieornm
1085 4358 1250 4401 restruerem
1267 4341 1298 4400 in
1315 4337 1490 4402 bononiensi
1508 4337 1644 4402 Ecclesia
1667 4341 1861 4402 coristitutum
1884 4339 2007 4402 cerellum
2027 4338 2136 4422 elipam

317 4441 361 4508 rel
386 4442 530 4524 recipiam
553 4443 587 4504 in
621 4441 809 4506 Canonicurn
839 4442 1067 4526 bononiensem,
1091 4447 1152 4508 nisi
1173 4445 1216 4507 ad
1239 4467 1308 4508 eum
1332 4467 1421 4530 praem
1443 4468 1503 4529 per
1534 4454 1658 4510 raonem
1682 4447 1814 4528 alicujus
1839 4445 1986 4510 Cerroniei
2009 4447 2052 4508 eet
2075 4445 2136 4508 alio

317 4547 447 4630 lepitimo
471 4549 558 4612 mado
586 4571 694 4613 uacare
720 4552 877 4635 routiperit
903 4551 1040 4614 crulinem
1074 4553 1120 4615 cet
1149 4553 1345 4636 superiorem.
1370 4551 1504 4616 Nullum
1528 4574 1645 4638 quoque
1668 4554 1791 4617 electum
1817 4561 1843 4618 et
1865 4553 2079 4636 eoreftrmaturn
2102 4554 2136 4614 in

320 4653 509 4719 Ccrnone'cum
532 4657 692 4720 admittam
716 4657 759 4720 acl
774 4660 998 4741 perceptionem
1020 4658 1164 4741 beneficii,
1188 4662 1249 4722 uisi
1265 4661 1370 4744 primo
1394 4662 1536 4744 receperit
1558 4661 1697 4724 ordinem
1719 4661 1761 4724 ael
1785 4682 1873 4746 quern
1895 4667 2069 4724 castraretur
2092 4659 2137 4722 rel

317 4763 454 4846 elipetur,
474 4785 537 4826 non
554 4767 734 4848 permittam
760 4763 948 4828 Caranicum
972 4768 1002 4828 in
1022 4767 1128 4850 primo
1150 4768 1201 4830 sni
1219 4765 1423 4830 Cauonicatns
1437 4789 1518 4830 cinno
1528 4771 1686 4852 percipere
1702 4768 1875 4850 berreficiuru
1893 4769 1937 4831 cel
1946 4766 2135 4851 prebendam

310 4877 417 4953 preter
442 4872 585 4934 victualia
608 4873 682 4954 sola,
699 4872 751 4936 sed
774 4873 859 4936 illius
880 4875 958 4936 anui
976 4872 1151 4956 beneficium
1168 4875 1212 4938 ael
1222 4874 1376 4958 prebende
1393 4877 1424 4938 iu
1440 4896 1580 4940 corrinnes
1597 4877 1742 4939 utilitates
1757 4883 1783 4940 et
1798 4877 1983 4939 necessitates
2001 4874 2137 4958 Capituli

317 4979 541 5060 erpendantur,
554 4981 598 5042 ita
613 4987 714 5042 curren
732 4980 813 5064 quod
827 4981 908 5044 inter
926 4979 1093 5044 Carrenicos
1108 5003 1170 5044 non
1186 4981 1407 5066 clieiela[n]tur
1419 4984 1719 5066 possessionesjnra
1735 4991 1761 5047 et
1781 4983 1919 5064 lrorrores,
1933 4985 2137 5045 instrumenta

316 5105 368 5147 sen
392 5092 493 5148 cartas
516 5087 575 5149 sire
592 5087 757 5171 pririlepia
783 5085 926 5171 Capituli.
955 5086 1070 5151 Currere
1094 5109 1196 5152 omues
1217 5089 1353 5153 homiues
1375 5089 1501 5170 erdjutor
1517 5111 1567 5154 ero
1582 5091 1625 5154 ad
1639 5090 1891 5173 consecrandum,
1908 5089 2134 5172 defendendum

317 5198 344 5254 et
367 5193 623 5276 recuperandum,
639 5195 716 5257 sicut
735 5193 877 5278 Capitale
893 5195 938 5257 rel
954 5195 1066 5277 majori
1083 5198 1172 5279 parti
1194 5197 1302 5259 melius
1325 5204 1352 5259 et
1374 5197 1483 5260 utilius
1506 5197 1672 5261 ridebitur:
1684 5200 1886 5281 possessiones
1908 5196 2072 5260 immobiles
2095 5195 2138 5258 ad

317 5297 496 5363 bononiense
522 5298 700 5383 Capitulum
718 5303 906 5384 pertinentes
928 5323 990 5364 non
1012 5301 1160 5384 alienabo,
1185 5324 1238 5366 nec
1260 5304 1393 5366 alienari
1419 5306 1613 5386 consentiam,
1635 5307 1696 5392 nisi
1712 5326 1774 5388 pro
1796 5305 1980 5368 alienatione
2002 5307 2047 5368 eet
2064 5325 2136 5388 per-

318 5408 483 5470 cunctatione
505 5407 633 5470 alter·ius
650 5409 846 5491 possessionis
869 5407 1029 5472 incurabilis
1052 5410 1184 5472 utilioris
1207 5410 1252 5472 eet
1275 5432 1348 5494 repre
1369 5412 1472 5493 utilis,
1494 5412 1538 5474 ael
1561 5414 1779 5475 corrstrnctioue
1801 5413 1935 5494 alicujus
1963 5413 2073 5496 etima
2095 5413 2138 5476 ad

294 5533 472 5594 ¹comunem
496 5515 657 5578 utilitatem
684 5499 820 5598 Capituli
836 5517 1030 5599 pertinentis,
1047 5517 1092 5580 vel
1106 5517 1171 5580 alia
1187 5516 1317 5580 euidenti
1333 5518 1462 5582 rrtilitate
1484 5521 1621 5600 carauni,
1637 5521 1680 5582 ita
1702 5526 1802 5582 tanuen
1829 5520 1910 5603 quod
1933 5522 2014 5584 inter
2039 5519 2135 5584 Cano·

316 5621 398 5682 nicos
422 5640 483 5683 non
505 5621 562 5702 fiat
585 5621 692 5684 discisio
708 5623 805 5705 pretii
828 5621 865 5686 de
888 5625 1072 5706 possessione
1102 5625 1232 5708 recepti,·
1255 5645 1347 5708 super
1369 5625 1495 5710 apendis
1519 5633 1546 5688 et
1568 5626 1698 5690 utilitate
1725 5625 1870 5710 Capituli,
1895 5649 1988 5712 qnam
2011 5629 2139 5690 scienter

317 5747 378 5789 nou
403 5727 577 5810 impediam,
596 5730 770 5812 requisitus,
787 5730 868 5814 pnoel
886 5732 984 5816 mapis
1007 5731 1081 5794 rrtile
1102 5731 1224 5796 credam
1253 5733 1413 5795 consilium
1436 5731 1524 5814 dabo,
1540 5735 1667 5796 scienter
1691 5754 1751 5796 non
1772 5733 1929 5816 fraudabo
1948 5734 2135 5818 Capitulum,

316 5835 376 5896 sire
398 5833 534 5916 officium
556 5834 684 5898 babeam
704 5837 765 5899 sire
788 5857 860 5918 narr,
884 5837 921 5901 de
943 5836 1003 5901 biis
1027 5859 1084 5922 pue
1106 5839 1224 5902 eerrient
1247 5838 1290 5901 ael
1313 5860 1424 5902 marrus
1447 5860 1529 5903 rrreas
1545 5860 1607 5922 pro
1626 5838 1777 5924 Capitale,
1795 5841 1839 5904 rel
1855 5841 1897 5904 ad
1915 5841 2137 5905 Concurritatem

312 5943 467 6022 pertinent
500 5942 545 6004 cel
568 5941 776 6025 pertinebunt.
802 5940 935 6006 Nullum
964 5946 1087 6008 electum
1111 5952 1138 6008 et
1161 5945 1375 6028 corrfirrnatnm
1399 5949 1429 6009 in
1458 5945 1645 6009 Cerrrorricunr
1672 5948 1833 6010 crrlrrn'ttam
1856 5947 1898 6010 cni
1914 5951 2136 6032 perceptionem

317 6045 451 6129 beneficij
470 6049 515 6110 cel
537 6050 663 6112 consilia
689 6048 835 6134 Cepituli,
859 6052 920 6113 nisi
939 6054 1042 6134 primo
1056 6053 1214 6134 jurarerit
1236 6053 1279 6116 aci
1301 6061 1404 6116 sancta
1428 6052 1489 6117 Dei
1512 6053 1681 6138 Eranpelia
1700 6057 1802 6118 omrria
1823 6063 1850 6119 et
1865 6056 1986 6140 sinpula
1997 6056 2137 6148 predicta

321 6153 464 6237 Capitale
487 6154 652 6220 obseruare.
672 6156 722 6220 Sic
739 6177 785 6222 me
799 6157 888 6222 Dens
902 6159 1025 6240 adjiceret
1041 6167 1068 6222 et
1083 6158 1135 6223 bec
1149 6168 1254 6224 sancta
1272 6160 1332 6223 Dei
1348 6160 1517 6246 Ernrnpetia
1530 6163 1579 6225 ll).
1598 6161 1772 6226 Securrdnm
1784 6165 1986 6246 prescriptam
2001 6163 2138 6244 formam

315 6263 500 6324 inracerunt
524 6263 769 6347 Arubipresbiter
791 6271 817 6328 et
840 6285 942 6329 orienes
966 6273 992 6329 et
1015 6267 1131 6350 siupuli
1153 6267 1210 6330 alii
1236 6266 1381 6331 Curronici
1406 6293 1435 6332 ν.
1459 6267 1549 6331 Nulli
1575 6290 1652 6354 ergo
1684 6268 1813 6332 omnino
1845 6269 2010 6332 hominum
2042 6269 2138 6333 liceat

397 6493 436 6557 (l)
457 6491 488 6542 In
511 6493 649 6561 margine:
670 6511 684 6543 a
706 6493 808 6545 Forma
822 6495 978 6560 jur-aureati
995 6496 1121 6561 satianda
1136 6513 1188 6562 per
1206 6513 1284 6548 noras
1299 6499 1452 6562 carronicos,
1470 6499 1554 6563 fiendi
1572 6504 1633 6549 ante
1651 6515 1731 6564 peram
1752 6499 1933 6550 aetrrrr'ttautnr
1953 6516 1976 6550 n.

469 6720 536 6757 uoti.
557 6722 589 6757 11.
