5544 7750
1088 670 1283 719 APPENDIX
1310 670 1462 719 ALTERA

358 833 455 908 reret,
471 826 586 911 sitique
603 833 750 911 preterea
767 825 956 911 inexpiabili
973 831 1129 906 ureretur,
1143 831 1244 888 strato

358 933 493 1019 hospitis
519 955 666 1018 surgens,
688 954 722 996 os
746 933 780 996 in
804 954 871 1015 vas,
890 954 952 1018 quo
977 953 1062 1017 aqua
1085 932 1243 1014 hauritur,

359 1041 500 1124 immisit,
518 1043 648 1104 situlam
665 1041 817 1126 vulgares
838 1040 1013 1127 appellant,
1031 1062 1069 1105 eo
1094 1040 1178 1125 quod
1202 1041 1244 1103 si·

359 1149 415 1211 tim
440 1149 535 1230 levet,
553 1169 713 1233 maneque
734 1149 830 1230 sacto,
847 1156 994 1234 repertus
1011 1155 1059 1211 est
1075 1148 1195 1212 inserto
1212 1147 1244 1209 in

358 1257 488 1320 situlam
512 1257 617 1342 capita
644 1257 784 1320 enimam
804 1256 986 1320 exhalasse.
1003 1255 1129 1320 Occasu
1146 1255 1245 1340 igitur

358 1365 454 1450 periit
477 1363 622 1449 profecto
646 1371 737 1427 tanto
763 1364 832 1427 viro
857 1362 1089 1448 indignissimo,
1112 1383 1176 1426 non
1199 1368 1245 1426 ta·

357 1493 431 1534 men
456 1472 524 1534 sine
538 1519 635 1534 .....
655 1469 736 1533 Cum
760 1471 811 1533 hic
832 1477 965 1556 propter
981 1491 1029 1552 ea,
1048 1489 1109 1554 que
1126 1469 1245 1554 scripta

356 1578 390 1641 in
411 1579 485 1661 jure
510 1577 703 1662 reliquerat,
728 1577 761 1639 in
793 1576 948 1640 honorem
971 1575 1132 1639 Bonifacii
1155 1576 1244 1641 Juris

359 1683 513 1748 (laconici
538 1684 667 1768 regulas
689 1690 947 1765 commentasset,
964 1683 1149 1768 exemplum
1165 1704 1243 1747 sane

355 1791 562 1854 utilissimum
588 1798 636 1855 est
660 1790 836 1854 clarissima
861 1791 992 1854 scientie
1015 1791 1104 1872 viris,
1122 1797 1157 1853 ut
1176 1790 1242 1853 suis

356 1900 514 1963 contentis
538 1899 670 1962 secretis
695 1905 747 1962 etc.

418 2114 495 2200 Cap.
521 2113 599 2177 XII.
624 2112 673 2177 De
699 2112 843 2177 Taddeo

382 2276 432 2340 De
457 2276 588 2340 Taddeo
613 2275 735 2362 phisico
760 2276 880 2361 insigni
904 2282 936 2339 at
960 2281 1212 2338 commentatore

528 2385 700 2448 multorum
723 2384 880 2448 librorum
904 2382 1071 2447 medicine.

842 2475 850 2496 ,

415 2546 672 2610 Commemoravi
696 2546 899 2627 florentinos,
925 2567 1004 2630 quos
1028 2544 1154 2630 Legum
1178 2544 1239 2608 Oa-

353 2675 537 2739 nonumqne
561 2654 678 2740 peritia
702 2654 778 2717 fecit
795 2654 948 2717 illustres.
967 2652 1122 2738 Superest
1137 2661 1173 2716 ut
1189 2673 1238 2716 re·

353 2760 475 2843 feram,
501 2762 555 2845 qui
587 2782 628 2823 ex
657 2761 789 2846 reliquis
814 2761 930 2824 nostris
956 2760 1112 2823 medicine
1137 2767 1239 2822 artem

354 2869 478 2933 curioso
503 2869 588 2931 same
605 2868 712 2932 sonitu
728 2867 859 2931 fuerunt
876 2867 1024 2931 assecuti.
1042 2867 1131 2930 Inter
1148 2888 1237 2952 quos,

354 2977 409 3061 qui
434 2983 542 3040 nostra
563 2975 718 3038 memoria
735 2975 849 3039 haberi
863 2976 996 3060 possint,
1015 2975 1135 3060 primus
1153 2973 1238 3038 Tad-

353 3084 432 3146 deus
456 3083 608 3169 physicus
632 3083 809 3145 maximum
837 3083 975 3146 obtinuit
1004 3082 1237 3168 principatum,

352 3192 487 3276 ejusque
511 3190 643 3255 scientie
667 3190 809 3275 palmam
832 3190 1019 3275 promeruit.
1044 3189 1108 3252 Hic
1125 3189 1238 3252 obscu-

352 3299 396 3361 ris
420 3297 608 3384 parentibus
636 3297 801 3361 Florentia
832 3305 927 3360 natus
958 3303 1023 3379 ast,
1048 3297 1118 3361 loco
1151 3295 1238 3359 haud

351 3406 487 3468 multum
513 3405 644 3468 distanti
669 3426 688 3468 a
711 3405 814 3468 veteri
837 3405 947 3490 platea
976 3404 1236 3486 Predicatorum,

352 3534 517 3598 annosque
542 3513 679 3598 pueritie
703 3522 735 3576 et
759 3511 975 3576 adolescentie
995 3533 1052 3575 sue
1068 3512 1188 3596 segnis,
1204 3517 1237 3573 et

352 3621 444 3706 quasi
467 3621 574 3684 animo
599 3625 804 3684 consternato
826 3620 953 3703 abjecte
969 3619 1124 3700 exercuit,
1142 3625 1174 3682 et
1190 3618 1236 3682 vi·

351 3728 481 3792 lissimis
505 3728 631 3791 deditus
656 3728 858 3810 ministeriis,
883 3736 1063 3813 questuque
1087 3725 1236 3810 ignobili,

352 3836 407 3899 diu
429 3836 671 3921 pauperrimam
690 3835 791 3899 vitam
813 3834 1057 3920 squalidamque
1073 3833 1236 3919 produxit.

351 3942 495 4028 Cumque
517 3943 586 4027 jam
610 3943 643 4006 in
666 3942 734 4005 dies
759 3942 944 4006 maturisset
968 3963 1042 4006 suos
1067 3949 1099 4005 et
1122 3940 1162 4004 ad
1180 3963 1236 4004 an·

351 4072 427 4114 num
451 4072 552 4135 usquc
580 4050 782 4134 trigesimum
806 4049 976 4113 tenebroso
1000 4049 1161 4135 oppilatus
1186 4071 1236 4113 ce·

350 4159 444 4223 rebro
460 4157 669 4244 pervenisset,
687 4179 789 4242 eoque
806 4157 934 4221 interim
951 4158 1043 4242 quusi
1063 4157 1236 4242 consopitis

350 4266 497 4330 sensibus
521 4265 660 4350 vigilans
684 4265 889 4347 dormitaret,
914 4265 1002 4328 etin
1026 4265 1108 4328 atrio
1132 4264 1235 4328 sancti

350 4373 518 4437 Michaelis
550 4373 582 4435 in
616 4372 695 4437 Orto
721 4373 951 4436 minutissimas
982 4371 1151 4454 candelas,
1176 4373 1235 4435 im-

349 4487 486 4567 portune
510 4501 544 4543 sa
569 4479 767 4565 emptoribus
791 4479 951 4564 ingerens,
976 4478 1174 4560 venditaret,
1200 4487 1236 4542 ut

349 4588 424 4652 inde
448 4587 663 4651 miserabilem
689 4587 791 4650 aleret
814 4586 932 4668 vitam,
957 4586 1080 4650 exactis
1103 4585 1234 4650 tandem

349 4696 442 4759 annis
460 4696 603 4779 triginta,
621 4694 805 4780 grossisque
822 4694 1019 4779 consumptis
1035 4693 1233 4777 humoribus,

352 4823 432 4887 quos
456 4801 613 4865 medicine
637 4801 732 4887 periti
756 4802 869 4865 volunt
892 4801 1019 4886 pigram
1043 4808 1152 4865 tenere
1176 4821 1233 4864 na·

349 4915 456 4973 turam
479 4909 649 4993 animeque
674 4909 877 4994 operationes
902 4909 1069 4994 ipsamque
1094 4909 1233 4994 comple·

350 5015 499 5097 xionem,
525 5037 586 5100 que
610 5017 858 5079 instrumentum
882 5016 952 5098 ejus
981 5023 1029 5079 est
1059 5015 1232 5101 impedire,

350 5123 414 5208 qui,
440 5129 633 5208 cooperante
658 5129 783 5204 natura,
805 5123 837 5184 in
861 5129 1005 5208 tempora
1029 5123 1234 5186 resolvuntur

349 5229 518 5316 ipsumque
557 5229 719 5292 hominem
754 5249 811 5293 suo
846 5229 1024 5292 intellectui
1061 5229 1234 5292 restituunt

350 5345 526 5424 aptumque
551 5337 689 5401 reddunt
712 5337 944 5423 complexionis
971 5337 1231 5419 instrumentum,

350 5446 397 5509 uti
421 5451 492 5508 erat
513 5445 673 5530 ineptum3
699 5443 850 5508 Taddeus
875 5443 967 5529 quasi
983 5443 1066 5507 alter
1081 5450 1114 5507 et
1130 5465 1233 5508 novus

349 5552 445 5616 homo
477 5559 683 5637 experrectus
715 5573 845 5634 somno,
869 5559 901 5615 et
930 5552 1020 5637 quasi
1045 5551 1084 5614 de
1107 5551 1233 5637 perdito

348 5666 548 5724 restauratus
565 5660 705 5744 ingenio,
720 5659 881 5744 querende
895 5659 1027 5723 scientie
1044 5660 1129 5746 cepit
1145 5680 1233 5723 amo·

349 5788 383 5830 re
406 5768 563 5850 flagrare;
582 5773 613 5830 et
637 5767 729 5851 quasi
745 5773 876 5830 renatus
892 5787 973 5852 puer
990 5765 1030 5828 ad
1047 5765 1234 5830 discendum

348 5873 452 5960 prima
469 5874 629 5938 elementa
646 5895 782 5959 propere
799 5873 973 5937 festinavit.
992 5873 1234 5937 Grammatican

349 5981 464 6045 deinde
489 5981 580 6044 brevi
603 5987 748 6066 tempore
779 5979 865 6044 felici
898 6002 975 6044 usus
989 6029 1084 6044 .....
1110 5980 1231 6045 didicit.

347 6088 455 6153 Parvo
480 6087 595 6151 deinde
620 6089 744 6172 quesita
765 6088 883 6151 viatico
899 6087 1080 6151 Bononiam
1096 6088 1231 6174 appulit,

348 6195 405 6259 ubi
428 6216 532 6280 egena
556 6201 724 6258 contentus
749 6194 816 6258 vita
840 6195 908 6258 sine
932 6195 1167 6259 intermissione
1183 6216 1233 6258 se·

349 6302 444 6367 dulus
468 6301 574 6367 studio
598 6302 780 6367 liberalium
801 6302 919 6366 artium
943 6302 1109 6388 omnisque
1130 6302 1233 6388 philo·

411 6535 450 6601 (ι)
471 6535 523 6586 sa.

2114 648 2190 719 295

1309 824 1421 909 sophia
1445 845 1502 910 per
1525 824 1609 888 diem
1634 831 1730 910 atque
1755 829 1880 888 noctem
1897 824 2035 906 vacavit,
2052 829 2193 910 tempus·

1309 953 1371 1016 que
1403 933 1487 1017 quod
1518 954 1577 1018 per
1611 932 1730 995 malam
1761 930 2018 1017 complexionem
2041 931 2193 995 amiserat

1308 1062 1500 1126 recuperare
1524 1041 1630 1105 studio
1654 1047 1686 1103 et
1706 1041 1874 1126 diligentia
1890 1040 2090 1125 permaxima
2107 1049 2191 1104 sata·

1308 1148 1417 1233 gebat,
1435 1149 1479 1211 ita
1504 1156 1539 1212 ut
1563 1149 1640 1213 hore
1665 1155 1861 1212 momentum
1882 1147 2042 1233 perditum
2065 1147 2105 1210 iri
2128 1168 2192 1212 non

1308 1256 1438 1338 sineret,
1455 1263 1621 1342 totumque
1646 1277 1679 1320 se
1703 1257 1734 1319 in
1752 1255 1928 1342 disciplinis
1945 1255 2111 1319 concessit.
2128 1255 2191 1320 Po·

1309 1371 1427 1426 stremo
1452 1364 1574 1428 studuit
1596 1363 1755 1428 Medicina
1779 1369 1812 1426 et
1834 1384 1896 1448 que
1920 1363 1961 1426 ad
1978 1385 2104 1427 omnem
2121 1364 2192 1449 ejus

1308 1472 1440 1535 scientie
1464 1479 1588 1557 partem
1617 1472 1816 1557 pertinerent
1847 1472 2086 1536 accuratissima
2118 1494 2190 1558 por·

1309 1586 1480 1660 scrutatus,
1494 1579 1746 1642 solemnissimus
1761 1579 1839 1642 artis
1854 1576 1973 1642 Doctor
1986 1578 2119 1643 affectus
2131 1585 2190 1663 est,

1308 1686 1528 1772 susceptisque
1553 1708 1595 1749 ex
1618 1685 1748 1771 publico
1773 1684 1910 1768 salariis,
1928 1685 2119 1750 medicinam
2137 1686 2192 1750 diu

1306 1791 1452 1856 Bononia
1476 1792 1584 1856 docuit
1607 1799 1639 1856 et
1662 1792 1901 1856 accuratissime
1921 1793 2120 1878 practicavit.
2137 1792 2191 1857 Ex

1306 1899 1417 1984 primis
1441 1900 1598 1986 siquidem
1623 1898 1849 1964 modernorum
1873 1898 1943 1981 fuit,
1961 1900 2016 1985 qui
2040 1901 2117 1964 artis
2142 1923 2189 1964 se-

1305 2007 1483 2071 cretissima
1500 2007 1559 2070 sub
1573 2014 1740 2071 auctorum
1753 2006 1845 2070 dictis
1863 2008 1997 2071 latentia
2015 2009 2188 2094 aperuerit,

1305 2120 1401 2200 atque
1426 2115 1663 2196 monstraverit,
1688 2135 1866 2200 agrumque
1880 2163 1887 2178 .
1903 2163 1910 2178 .
1925 2163 1954 2178 ..
1977 2121 2009 2178 et
2032 2116 2188 2180 incultum

1305 2222 1459 2286 sulcando
1483 2221 1599 2286 futuris
1628 2222 1801 2285 feminibus
1832 2221 1959 2307 optimis
1991 2225 2188 2308 preparavit.

1303 2329 1368 2394 Hic
1392 2351 1585 2415 quamquam
1612 2329 1796 2393 adventitiis
1820 2331 1935 2415 spretis
1959 2330 2067 2413 lucris,
2086 2331 2188 2415 gloria

1303 2437 1438 2522 cupidus
1473 2445 1505 2501 et
1540 2438 1689 2518 honoris,
1714 2436 1968 2500 commentandis
2004 2438 2189 2502 auctoribus

1304 2544 1461 2608 medicine
1486 2566 1618 2631 operam
1641 2545 1817 2627 concessit;
1835 2566 1898 2630 qua
1922 2547 1954 2608 in
1976 2567 2010 2610 re
2026 2552 2115 2609 tante
2132 2568 2188 2610 au·

1303 2653 1461 2716 ctoritatis
1485 2652 1583 2716 fuisse
1608 2653 1746 2716 relatum
1769 2659 1827 2734 est,
1848 2658 1884 2716 nt
1908 2674 1968 2738 que
1989 2675 2047 2738 pro
2072 2653 2187 2738 glossis

1302 2759 1472 2823 ordinariis
1496 2759 1702 2842 haberentur,
1728 2781 1789 2844 que
1813 2760 1956 2845 operosis
1980 2760 2187 2826 medicinelll

1301 2866 1519 2931 voluminibus
1543 2869 1690 2953 apposite
1714 2867 1822 2951 luere,
1847 2875 1936 2931 tante
1967 2868 1999 2931 in
2030 2890 2069 2932 ea
2092 2868 2186 2933 disci-

1301 2975 1391 3060 plina
1414 2975 1644 3060 reputationis,
1669 2982 1788 3058 quante
1816 2975 1848 3037 in
1881 2975 2006 3059 legibus
2038 2976 2187 3040 civilibus

1302 3082 1460 3163 Accursii,
1483 3082 1534 3146 cni
1558 3088 1589 3145 et
1613 3081 1681 3166 ipsa
1706 3088 1993 3166 contemporaneus
2016 3081 2087 3146 fuit.
2112 3085 2185 3148 Duo

1302 3190 1460 3274 siquidem
1484 3190 1624 3253 civitatis
1647 3197 1754 3254 nostre
1779 3188 1905 3276 sydera,
1923 3210 1984 3274 que
2001 3189 2081 3253 duas
2103 3191 2186 3256 inter

1304 3297 1444 3382 reliquas
1462 3297 1612 3360 celsiores
1629 3297 1837 3381 utilioresque
1855 3296 1895 3359 ad
1912 3297 2188 3362 conservationem

1301 3405 1441 3468 humane
1466 3411 1580 3468 natura
1604 3412 1707 3486 artes,
1732 3404 1856 3467 tamin
1881 3403 2024 3467 maxima
2046 3405 2185 3490 caligine

1301 3512 1496 3594 laborantes,
1510 3511 1605 3576 facile
1621 3511 1793 3575 redderent
1808 3519 1841 3575 et
1857 3519 1996 3598 apertas.
2009 3511 2074 3576 Hic
2090 3512 2185 3578 homo

1301 3640 1373 3682 cum
1388 3639 1487 3704 penes
1509 3619 1603 3682 italos
1620 3619 1712 3704 quasi
1735 3619 1818 3682 alter
1833 3619 1979 3704 Ypocras
2001 3618 2184 3704 haberetur,

1300 3728 1524 3812 egrotantibus
1558 3749 1616 3814 per
1650 3728 1780 3792 Italiam
1815 3727 2008 3813 ubicumque
2048 3728 2185 3793 dominis

1300 3835 1533 3920 temporalibus
1558 3835 1775 3920 divitibusque
1799 3834 1840 3898 ad
1865 3856 1976 3899 curam
1995 3837 2185 3900 enormitate

1300 3943 1410 4006 salarii
1435 3943 1621 4007 vocabatur.
1646 3942 1791 4028 Cumque
1820 3964 1877 4028 par
1900 3943 1968 4006 dies
1997 3965 2072 4007 suos
2099 3966 2185 4008 sum-

1300 4072 1371 4114 mus
1394 4050 1549 4114 Pontifex
1573 4051 1604 4112 in
1628 4050 1775 4114 morbum
1799 4071 1880 4135 pene
1904 4050 2035 4114 letalem
2056 4051 2185 4116 incidis·

1301 4164 1359 4241 set,
1380 4165 1413 4221 et
1435 4157 1602 4222 Taddeum
1627 4158 1668 4220 ad
1692 4158 1761 4240 ejus
1787 4178 1897 4220 curam
1921 4158 2071 4221 accersiri
2095 4180 2184 4223 man-

1300 4265 1418 4347 dasset,
1435 4266 1538 4350 deque
1555 4265 1669 4329 diurno
1687 4265 1805 4330 salario
1825 4265 1955 4330 minime
1972 4287 2030 4352 pcr
2046 4267 2184 4332 arbitros

1298 4373 1494 4454 conveniret,
1508 4371 1640 4436 Taddco
1657 4393 1715 4458 per
1731 4372 1815 4435 diem
1832 4379 1961 4436 centum
1977 4395 2092 4437 aureos
2109 4395 2181 4460 per·

1298 4481 1449 4544 tinaciter
1471 4480 1673 4566 postulante,
1697 4478 1794 4564 idque
1824 4479 1979 4544 Pontifex
2002 4482 2183 4564 miraretur,

1298 4587 1456 4652 concessit
1486 4587 1616 4651 tandem
1647 4587 1679 4651 in
1713 4595 1824 4651 votum
1857 4586 1999 4670 Taddei,
2025 4588 2183 4654 desiderio

1298 4695 1465 4778 sanitatis;
1490 4716 1626 4780 eumque
1650 4694 1820 4780 adipsum
1845 4694 1995 4758 Taddeus
2018 4696 2183 4781 parvenis-

1298 4809 1356 4885 set,
1375 4802 1422 4866 illi
1438 4802 1530 4888 Papa
1547 4802 1632 4887 cepit
1652 4801 1805 4864 duritiam
1824 4809 1856 4864 et
1880 4802 2050 4865 avaritiam
2074 4803 2182 4866 mode·

1298 4909 1436 4974 stissime
1454 4908 1662 4995 exprobrare,
1680 4909 1732 4972 cui
1747 4908 1801 4971 ille
1819 4908 1918 4972 animi
1937 4916 2101 4994 stuporem
2124 4909 2183 4972 fin-

1298 5039 1388 5102 gens,
1414 5016 1521 5098 miror,
1543 5015 1657 5100 inquit,
1674 5037 1747 5080 cnm
1770 5015 1843 5078 aliis
1867 5022 2057 5100 prevocatus
2082 5016 2183 5080 domi-

1298 5123 1347 5187 nis
1371 5130 1403 5187 at
1422 5123 1569 5208 tyrannis
1586 5123 1775 5208 plerumque
1791 5143 1849 5208 per
1866 5122 1951 5185 diam
1968 5123 2073 5186 aureis
2091 5124 2183 5208 qnin-

1298 5231 1464 5316 quaginta,
1489 5230 1541 5294 vel
1565 5230 1712 5315 pluribus
1736 5229 1874 5294 donatus
1902 5229 2037 5313 luerim,
2061 5238 2097 5294 tu
2129 5231 2184 5316 qui

1297 5338 1545 5403 christianorum
1560 5338 1721 5401 maximus
1737 5358 1771 5400 es
1789 5337 1936 5400 dominus
1954 5343 2082 5401 centum
2100 5359 2182 5402 mer·

1297 5445 1400 5510 cando
1414 5444 1453 5509 (2)
1466 5446 1646 5530 negaveris,
1663 5445 1797 5531 pulchre
1821 5466 1899 5508 sane
1916 5451 1948 5509 et
1965 5445 2107 5510 modeste
2131 5467 2182 5509 ar·

1298 5573 1400 5638 guens
1417 5552 1589 5616 avaritiam
1605 5553 1633 5616 el
1637 5601 1776 5617 ......
1799 5553 2000 5637 Factumque
2025 5552 2098 5616 inde
2123 5561 2181 5636 est,

1298 5667 1334 5723 ut
1356 5667 1388 5724 et
1419 5660 1551 5723 sanitati
1582 5660 1725 5724 redditus
1755 5682 1897 5723 summus
1920 5659 2088 5744 Pontifex,
2114 5661 2181 5724 sive

1298 5789 1374 5832 cura
1398 5768 1523 5851 merito,
1547 5768 1614 5832 sive
1638 5768 1806 5853 purganda
1831 5767 2021 5853 suspicionis
2045 5767 2181 5832 avaritie

1297 5875 1425 5958 intuitu,
1442 5874 1593 5938 Taddeus
1616 5875 1727 5938 decem
1751 5875 1892 5938 millibus
1917 5876 2023 5939 aurcis
2045 5875 2181 5939 donare-

1295 5990 1359 6064 tnr,
1376 6004 1456 6068 quos
1480 6004 1591 6046 omnes
1615 5983 1665 6045 vir
1688 5988 1798 6046 sancte
1818 5982 1894 6064 vite,
1912 6003 1983 6045 cum
2000 5982 2181 6046 Bononiam

1296 6091 1493 6176 repedasset,
1510 6091 1542 6154 in
1566 6090 1837 6155 constructionem
1856 6089 2064 6175 hospitalium
2081 6097 2113 6153 et
2130 6110 2181 6153 ce·

1296 6198 1466 6262 nobiorum
1489 6197 1632 6283 piissime
1663 6197 1836 6282 arrogavit.
1860 6196 1925 6260 Hic
1955 6197 2180 6282 octogenarius

1296 6304 1443 6370 Bononia
1479 6311 1624 6368 mortuus
1656 6310 1705 6368 est
1735 6311 1768 6368 et
1798 6304 1953 6390 sepultus.
1979 6303 2181 6369 Admirabile

1360 6538 1399 6602 (2)
1419 6539 1462 6588 An
1482 6553 1523 6587 ane
1540 6536 1707 6588 revocando?
