5544 7750
639 636 715 706 298

1396 643 1721 700 MONUMDNTORUM

635 809 704 890 filii,
721 817 753 871 et
773 806 943 890 iutelligite
967 812 1074 870 mente
1097 804 1190 890 uigili
1214 802 1314 868 rerba
1337 823 1409 866 mea
1423 848 1520 866 .....
1584 798 1721 879 0010110,
1738 795 1842 860 Baldo
1864 793 1985 859 domini
2007 791 2194 874 castellani,
2217 789 2365 855 Ventura
2389 789 2467 855 Gui-

635 915 797 979 Deficeret
821 913 899 976 mihi
933 919 1059 998 tempus
1088 913 1194 997 potius
1225 929 1322 996 quam
1354 915 1467 972 sancta
1490 913 1523 972 et
1584 906 1678 988 dalis,
1701 913 1734 970 et
1757 903 1883 968 notario
1905 901 2038 984 Gisello,
2056 900 2203 966 omnibus
2227 899 2352 963 civibus
2368 898 2466 963 Arre·

636 1023 771 1086 moralia
797 1020 883 1084 dicta
906 1021 978 1104 ejus
1001 1027 1053 1084 etc.
1078 1017 1249 1082 Adducam
1273 1025 1381 1080 tamen
1410 1015 1463 1079 hic
1488 1014 1522 1078 in
1584 1013 1736 1077 11010010.

637 1128 856 1192 testimouium
881 1147 900 1189 a
924 1147 974 1190 me
998 1125 1190 1211 scriptorum
1217 1131 1353 1210 paterna
1384 1123 1522 1186 honora·

636 1236 715 1300 bilia
732 1255 830 1321 opera
847 1255 904 1320 pro
922 1233 1027 1319 patria
1042 1233 1199 1318 impensa,
1213 1252 1315 1316 eaque
1333 1238 1522 1294 nontamen

638 1341 746 1407 omnia
770 1349 821 1406 etc.
847 1340 982 1405 Invenio
1007 1339 1039 1403 iu
1065 1339 1201 1425 publicis
1229 1337 1402 1402 annalibus
1425 1335 1524 1400 Arre·

636 1451 777 1513 tinorum
801 1447 1025 1512 00010111100110
1050 1467 1147 1510 mauu
1169 1467 1221 1510 ser
1236 1443 1445 1508 Riolomauni
1460 1442 1523 1507 Ar·

637 1557 753 1641 migeri
781 1556 819 1619 de
844 1555 955 1639 Burgo
980 1553 1092 1618 Sancti
1116 1551 1304 1638 Sepulchri,
1329 1549 1414 1636 quod
1438 1571 1523 1613 anuo

616 1662 768 1726 -Domini
793 1659 1024 1742 unouxlx„
1050 1659 1176 1722 nemine
1208 1659 1387 1744 imperante
1411 1663 1444 1720 et
1467 1677 1523 1719 ra·

637 1777 731 1834 cante
768 1769 945 1855 apostolica
984 1787 1118 1832 romana
1150 1765 1248 1847 Sede,
1280 1765 1331 1828 die
1363 1763 1523 1828 dominico

637 1877 815 1964 penultimo
832 1875 1034 1962 septembris,
1052 1873 1128 1937 dum
1147 1873 1301 1938 Arretina
1317 1871 1430 1936 civitas
1452 1891 1524 1934 cum

636 1983 748 2070 Burgo
773 1983 876 2047 sancti
900 1980 1070 2068 Sepulchri
1094 1979 1253 2044 hostiliter
1270 1977 1465 2059 dissentiret,
1482 1977 1524 2040 ad

1648 1119 1719 1203 (Sic
1741 1116 1882 1200 desinit).

1647 1333 1867 1414 Raeticanunc,
1884 1336 2097 1416 cognomento
2120 1329 2285 1411 Lemana,
2304 1327 2468 1392 Florentio

1587 1441 1752 1524 oriundus,
1773 1446 1883 1503 tantus
1906 1439 2009 1502 evasit
2033 1437 2151 1518 rhetor,
2176 1435 2396 1522 philosophus,
2419 1433 2467 1498 hi·

1588 1550 1724 1614 storicus
1747 1555 1779 1612 01
1802 1547 1996 1631 astrologus,
2014 1545 2100 1631 quod
2115 1551 2243 1630 poterat
2267 1543 2380 1606 merito
2403 1542 2468 1628 pri·

1587 1657 1650 1721 scis
1674 1655 1855 1720 oratoribus
1880 1653 2074 1738 comparari,
2099 1651 2161 1715 uisi
2184 1657 2296 1716 contra
2321 1657 2469 1714 usturam

1588 1892 1783 1958 quamquam
1807 1868 2060 1935 honorabundus
2084 1867 2116 1930 iu
2137 1867 2243 1952 patria
2259 1887 2318 1930 sua
2333 1865 2468 1949 viveret,

1588 1977 1889 2066 supervenientibus
1928 1974 2096 2040 discordiis
2132 1973 2310 2056 intestinis,
2339 1981 2469 2038 0000100

638 2092 721 2156 haue
746 2089 877 2154 tandem
900 2088 1105 2154 concordiam
1128 2087 1303 2150 deventum
1326 2094 1385 2168 est,
1401 2093 1437 2150 ut
1460 2085 1523 2150 Ar·
1584 2088 1653 2172 jam
1677 2107 1778 2150 senex
1797 2085 1944 2169 linquere
1960 2081 2088 2147 dulcem
2102 2081 2251 2168 patriam,
2269 2081 2416 2166 pervenit
2437 2081 2470 2143 in

637 2199 733 2264 retiui
757 2199 915 2283 eligerent
938 2197 1064 2261 XXIV.
1081 2197 1183 2260 bonos
1206 2195 1303 2276 uiros,
1326 2194 1443 2280 quibus
1467 2193 1523 2258 da·

636 2315 708 2370 1001
732 2306 953 2392 plenissimam
975 2313 1169 2391 potestatem
1192 2302 1375 2390 paciscendi
1400 2308 1433 2366 et
1456 2300 1524 2365 bel-

636 2413 797 2499 ligerandi
821 2411 998 2478 secundum
1021 2412 1177 2499 placitum
1201 2409 1370 2497 prudentie
1394 2430 1523 2494 eorum;

637 2543 773 2608 quorum
798 2521 974 2585 electorum
999 2519 1128 2584 uomina
1153 2527 1227 2582 00111
1252 2519 1329 2582 ista:

699 2628 858 2692 Dominus
882 2627 1045 2713 Josephus
1067 2625 1180 2712 judex.

699 2842 909 2926 Bonagiunta
932 2841 1077 2927 Longus.

701 2949 891 3013 Albentiuus
915 2949 1085 3012 Johannis.

699 3055 916 3120 Beneeveune
940 3055 1180 3121 Bonaveuture.

702 3163 861 3249 Magister
884 3163 1052 3227 Baudiuus
1078 3162 1318 3248 grammaticus.

702 3270 842 3335 Oriouus
866 3271 1051 3356 Arengerii.
1121 3353 1124 3358 Ι

703 3377 866 3442 Orlandus
889 3377 970 3442 Atti.

702 3485 860 3550 Dominus
884 3485 1044 3550 Martinus
1065 3486 1178 3572 judex,
1203 3493 1255 3550 cle.

703 3592 746 3657 Et
765 3593 951 3678 Burgeuses
968 3594 1116 3658 similiter
1131 3615 1173 3657 ex
1190 3600 1281 3680 parte
1298 3591 1373 3674 alia,
1391 3612 1525 3676 congre·

641 3706 717 3786 gato
743 3699 884 3765 Consilio
909 3701 1054 3786 generali
1078 3701 1119 3764 ad
1147 3701 1394 3786 parlamentum,
1419 3699 1526 3784 elege-

640 3816 716 3874 runt
744 3831 816 3874 cum
848 3810 945 3896 plena
976 3810 1063 3874 balia
1091 3817 1123 3874 et
1154 3815 1313 3895 potestate
1344 3809 1377 3871 iu
1409 3808 1526 3894 synda-

639 3938 710 3980 cum
737 3925 980 4002 procuratorem
997 3923 1029 3980 et
1046 3917 1248 4002 negotiorum
1265 3923 1427 4002 gestorem
1449 3915 1526 3979 dicti

642 4023 829 4088 Communis
846 4024 1010 4088 dominum
1026 4025 1186 4111 Pepulum
1196 4024 1349 4110 judicem,
1363 4023 1526 4110 quondam

641 4131 764 4196 domiui
786 4132 920 4196 Raverii
944 4131 983 4196 de
1008 4133 1093 4197 dicto
1109 4133 1231 4217 Burgo.
1248 4132 1291 4196 Et
1307 4131 1436 4196 tandem
1454 4138 1526 4217 post

639 4239 741 4302 multa
766 4247 985 4304 convenerunt
1008 4240 1086 4303 dicti
1102 4247 1327 4325 procuratores
1344 4243 1376 4302 et
1392 4237 1527 4325 syndaci

637 4355 673 4410 ut
699 4347 876 4411 Commune
902 4346 1006 4432 Burgi
1031 4348 1174 4432 quolibet
1197 4368 1282 4410 anno
1306 4347 1448 4410 mitteret
1464 4344 1526 4409 Ar-

638 4455 762 4518 recinm
789 4455 821 4517 in
843 4454 955 4539 vigilia
972 4455 1075 4518 000011
1091 4454 1211 4518 Donati
1228 4454 1366 4541 presulis
1383 4452 1526 4536 arretini,

639 4582 838 4646 purpureum
863 4582 900 4626 00
925 4583 1044 4626 novum
1072 4562 1206 4647 pallium
1237 4562 1276 4625 de
1307 4559 1393 4626 bono
1424 4559 1526 4626 serico

638 4689 736 4754 10001
760 4668 875 4732 lancea
898 4669 1096 4754 explicatum
1120 4689 1140 4732 a
1156 4677 1250 4754 porta
1266 4667 1407 4732 civitatis
1423 4689 1526 4752 usqne

638 4775 680 4839 ad
705 4775 864 4863 palatium
888 4775 1074 4841 Communis
1098 4775 1231 4840 Arretii.
1254 4775 1298 4839 Et
1318 4776 1351 4839 in
1368 4775 1526 4839 1000010-

638 4883 721 4947 stive
746 4883 981 4969 solempnitatis
1009 4882 1188 4947 beatissimi
1218 4883 1340 4947 Donati
1372 4881 1525 4969 presulis,

638 4992 694 5078 qui
724 5014 799 5058 eum
829 4999 1042 5079 portaverunt
1066 4993 1098 5056 in
1122 4993 1308 5080 precedenti
1331 4991 1394 5075 die,
1414 5013 1526 5056 rursus

637 5121 759 5186 ponere
784 5106 816 5163 et
839 5099 1002 5164 dimittere
1026 5121 1124 5186 snper
1148 5100 1250 5165 altare
1275 5099 1408 5183 majoris
1428 5099 1526 5163 Arre·

638 5207 705 5270 tine
736 5206 883 5272 Ecclesie
917 5215 1099 5273 teneantur.
1124 5208 1208 5272 Item
1231 5206 1318 5292 quod
1340 5206 1526 5292 Burgenses

639 5315 788 5379 omuibus
823 5315 890 5378 suis
926 5315 1077 5401 expensis
1113 5315 1201 5379 refici
1231 5314 1354 5378 faciant
1386 5321 1528 5378 castrum

638 5421 750 5485 Plebis
773 5423 877 5486 sancti
902 5422 1070 5508 Stephani,
1088 5431 1120 5486 et
1140 5428 1267 5508 portam
1283 5429 1315 5485 et
1332 5422 1440 5485 omnia
1456 5422 1527 5505 ejus

639 5529 766 5593 edificia
787 5551 845 5615 per
862 5530 947 5615 ipsos
965 5531 1150 5614 Burgenses
1167 5550 1291 5610 010100,
1308 5535 1340 5592 01
1356 5528 1527 5592 ecclesium

639 5637 750 5702 Plebis
775 5639 915 5723 positam
939 5645 1033 5701 extra
1057 5644 1209 5720 castrum,
1227 5636 1331 5721 qualis
1356 5643 1437 5719 erat,
1454 5657 1527 5700 cum

638 5744 743 5830 ipsam
767 5744 912 5808 demoliti
936 5750 1010 5808 sunt
1035 5791 1278 5809 ........
1303 5743 1528 5808 Promiseruut

640 5851 738 5915 etiam
755 5851 832 5916 dicti
848 5851 1034 5936 Burgeuses
1051 5851 1158 5916 facere
1175 5851 1417 5938 inperpetuum
1434 5872 1527 5914 exer-

638 5961 738 6025 citum
761 5967 794 6024 et
817 5961 1001 6024 cavalcatas
1026 5961 1289 6045 quotiescumque
1306 5959 1450 6023 Arretini
1466 5959 1528 6024 1100

639 6069 795 6151 fecerent,
813 6069 865 6132 vel
889 6067 984 6132 sociis
1008 6075 1040 6130 et
1064 6068 1176 6132 amicis
1199 6076 1251 6132 etc.
1275 6067 1319 6132 Et
1343 6067 1451 6132 omnia
1474 6089 1526 6130 su·

638 6176 787 6262 prodicta
811 6175 917 6240 Aretii
939 6175 1068 6239 firmata
1095 6177 1129 6238 10
1157 6175 1260 6239 Plebe
1289 6181 1399 6238 sancte
1422 6173 1526 6238 Maria

638 6284 678 6348 de
702 6283 852 6367 Arretio,
876 6290 1026 6370 presente
1056 6282 1242 6347 venerabile
1274 6289 1366 6369 patre
1397 6282 1526 6346 domino

638 6391 789 6457 Johauue
821 6391 929 6477 priore
959 6389 1215 6472 Cauraldulensi,
1240 6389 1369 6454 domino
1394 6389 1527 6454 Tarlato

637 6498 677 6562 de
697 6498 896 6580 Petramala,
914 6497 1043 6562 domiuo
1060 6496 1189 6562 Oaffare
1203 6496 1323 6579 judice,
1343 6495 1527 6561 Amanuoto

1588 2193 1730 2258 Galliam
1753 2190 1998 2276 transalpinam,
2015 2189 2071 2253 ubi
2094 2195 2227 2275 repente
2244 2187 2396 2273 gallicum
2414 2187 2469 2251 ad·

1587 2302 1680 2366 discit
1696 2301 1836 2388 ydioma.
1853 2298 1895 2363 Et
1911 2303 1947 2362 01
1964 2297 2060 2382 gallis
2082 2297 2236 2362 divitibus
2259 2295 2471 2383 applauderet

1588 2410 1700 2474 utilem
1722 2409 1842 2473 librum
1866 2406 1987 2491 gallica
2010 2405 2123 2490 lingua
2146 2404 2257 2487 edidit,
2274 2425 2370 2490 quem
2390 2403 2471 2469 Tne-

1587 2539 1718 2582 sou-rum
1746 2514 1940 2602 appellavit,
1965 2512 2137 2598 divisitque
2161 2512 2193 2576 10
2222 2511 2321 2576 libros
2351 2519 2470 2576 ternos.

1587 2671 1864 2690 .........
1898 2620 1942 2685 Et
1964 2619 2103 2684 habetur
2125 2620 2187 2684 hoc
2210 2619 2361 2684 volumen
2385 2618 2473 2706 apud

1587 2733 1693 2818 gallos
1716 2731 1749 2794 iu
1773 2751 1892 2814 magno
1916 2727 2031 2815 pretio,
2047 2727 2081 2790 iu
2101 2748 2164 2812 quo
2188 2725 2271 2790 dixit
2295 2775 2470 2792 ......

1587 2840 1736 2905 faciendo
1761 2838 1802 2902 ad
1826 2836 2013 2901 aucthorem
2042 2835 2104 2900 sibi
2135 2835 2334 2900 Bruneetum
2364 2835 2471 2919 loqui:

1704 2963 1778 3015 Siata
1797 2960 1989 3015 reeamcndato
2008 2961 2029 3011 il
2048 2959 2103 3010 mio
2122 2958 2243 3012 Thesara

1705 3051 1757 3104 ffel
1778 3051 1859 3121 quale
1879 3051 1940 3102 rivo
1960 3065 2070 3114 ancora,
2090 3065 2105 3102 0
2124 3048 2172 3118 piu
2191 3065 2245 3100 1100
2264 3047 2388 3116 eheggio.

1587 3163 1705 3228 Effecit
1729 3162 1828 3225 alium
1853 3161 1885 3224 in
1909 3159 2011 3223 latina
2026 3165 2058 3223 et
2075 3166 2222 3222 materna
2239 3158 2360 3243 lingua,
2377 3179 2475 3244 quem

1593 3271 1832 3335 Theanurecfum
1855 3267 1947 3349 dixit,
1964 3268 1997 3330 iu
2015 3288 2078 3351 quo
2095 3265 2247 3330 tractavit
2266 3266 2306 3329 de
2330 3265 2475 3330 moribus

1588 3378 1764 3460 homiuum,
1789 3377 1828 3440 de
1853 3375 1991 3456 casibus,
2011 3374 2050 3438 de
2075 3373 2254 3438 mobilitate
2278 3374 2427 3457 fortune,
2444 3383 2475 3438 01

1589 3486 1730 3550 humano
1754 3492 1841 3549 01010
1864 3491 1916 3548 etc.

1654 3701 2019 3781 Oounc1nsPusa1ns,
2045 3698 2153 3762 rethor
2178 3698 2338 3762 maximus
2363 3697 2476 3762 saeuu-

1590 3809 1804 3894 dissimusque
1837 3815 1962 3890 orator,
1986 3811 2083 3892 poeta
2106 3804 2214 3870 clarus
2237 3813 2269 3868 et
2291 3805 2476 3890 hystoricus

1590 3920 1760 4004 gloriosus,
1784 3937 1869 3981 nunc
1892 3915 1973 3979 adeo
1998 3913 2154 3978 mirabilis
2171 3915 2204 3978 iu
2221 3914 2308 3979 omni
2324 3913 2475 3977 scientia·

1589 4048 1661 4090 rum
1685 4046 1823 4111 geuene,
1848 4030 1980 4108 totaque
2011 4022 2125 4108 politia
2148 4021 2233 4086 inter
2256 4042 2476 4108 quoscumque

1590 4134 1784 4198 clarissimos
1807 4133 1871 4196 mei
1894 4131 1960 4194 stili
1982 4130 2070 4193 visus
2098 4135 2161 4212 011,
2186 4129 2271 4214 quod
2302 4138 2476 4215 postquam

1590 4241 1662 4326 cepi
1684 4241 1775 4304 dotes
1799 4241 1870 4324 ejus
1894 4259 1966 4302 meo
1989 4237 2115 4302 calamo
2138 4257 2258 4322 ponere
2281 4237 2314 4300 in
2339 4258 2475 4323 papyro,

1590 4349 1658 4413 1010
1682 4349 1723 4412 ab
1748 4347 1883 4432 inceptis
1912 4345 2020 4409 destiti
2043 4365 2117 4410 eum
2140 4344 2243 4408 solum
2268 4345 2329 4409 hac
2353 4352 2477 4432 tempe-

1590 4463 1673 4520 11010
1698 4455 1737 4518 de
1761 4476 1795 4518 se
1819 4453 1897 4518 satis
1921 4453 2029 4538 digne,
2047 4473 2106 4516 uec
2130 4452 2229 4516 alium
2246 4453 2387 4516 scribere
2404 4461 2479 4539 post

1590 4585 1635 4645 se,
1653 4570 1742 4626 ratus
1766 4570 1818 4628 etc.
1842 4561 1919 4626 Fuit
1949 4560 2099 4625 Golncius
2121 4559 2233 4646 Pyerii
2254 4560 2349 4644 filius,
2367 4561 2478 4624 oriun-

1590 4670 1649 4734 dus
1672 4669 1713 4733 de
1738 4669 1910 4752 Salutatis,
1935 4669 2019 4732 inter
2042 4689 2118 4733 suos
2147 4667 2236 4733 clara
2259 4668 2414 4754 prosapia
2438 4669 2477 4732 de

1591 4777 1760 4862 Stignano,
1785 4784 1890 4841 castro
1915 4775 2045 4861 quidem
2067 4775 2163 4840 vallis
2186 4773 2333 4860 Nievole,
2358 4777 2478 4840 nostris

1590 4886 1790 4972 temporibus
1813 4885 1967 4950 territorii
1990 4885 2163 4968 florentini,
2180 4885 2235 4950 ubi
2259 4893 2331 4950 orta
2354 4885 2479 4950 dudum

1590 4993 1799 5078 partialitatis
1823 4992 1994 5075 discordia,
2016 4999 2052 5056 ut
2075 4992 2262 5078 frequenter
2285 4993 2408 5058 assolet
2432 4995 2480 5057 in-

1590 5107 1640 5164 ter
1663 5107 1790 5182 tuscos,
1815 5100 1952 5186 Pyerius
1984 5100 2085 5164 veluti
2117 5107 2215 5186 caput
2241 5101 2349 5186 guelfo
2375 5103 2480 5189 partis

1590 5209 1732 5295 pellitur,
1748 5207 1841 5272 bouis
1863 5209 1933 5292 ejus
1950 5207 2107 5272 famelicis
2123 5207 2269 5272 hostibus
2286 5209 2328 5273 ad
2343 5209 2481 5295 predam

1590 5316 1685 5381 datis.
1702 5315 1800 5380 Hune
1820 5336 1899 5400 ergo
1916 5314 2125 5381 Taddeusde
2142 5315 2283 5401 Pepolis,
2300 5315 2480 5381 bononien·

1591 5425 1634 5488 sis
1659 5423 1817 5506 dominus,
1839 5422 1931 5507 largo
1960 5422 2120 5509 stipendio
2144 5422 2187 5486 ad
2209 5443 2244 5487 se
2267 5424 2378 5506 traxit,
2405 5424 2483 5488 edo·

1591 5537 1661 5594 ctus
1684 5552 1758 5595 eum
1782 5529 1851 5594 1010
1875 5529 1973 5593 armis
1995 5530 2129 5612 clarum,
2146 5551 2205 5594 nec
2223 5531 2327 5594 minus
2343 5532 2482 5596 consilio

1591 5637 1825 5723 prepollentem
1849 5645 1900 5702 etc.
1927 5635 1992 5700 Sed
2009 5657 2093 5700 anno
2110 5636 2170 5701 XI.
2188 5637 2237 5701 sui
2254 5637 2344 5702 exilii
2360 5639 2482 5704 clausit

1590 5744 1728 5808 feliciter
1748 5745 1812 5808 vite
1829 5744 2012 5826 terminum,
2029 5743 2230 5829 superstibus
2246 5745 2348 5809 tribus
2366 5747 2482 5811 melio-

1591 5851 1634 5915 ris
1658 5873 1755 5915 sexus
1771 5851 1855 5934 filiis,
1874 5851 2001 5916 Colutio
2017 5850 2150 5934 scilieet,
2167 5851 2310 5917 Conrado
2326 5861 2359 5917 et
2375 5853 2481 5919 «10011-

1590 5980 1631 6022 00
1654 5966 1731 6022 1000
1754 5959 1940 6044 puberibus.
1966 5959 2093 6024 Oolutio
2116 5960 2149 6022 in
2173 5959 2340 6024 literarum
2369 5963 2480 6026 studio

1590 6065 1736 6130 Bononia
1761 6067 1930 6149 enutritus,
1944 6068 2014 6152 jam
2037 6074 2156 6131 etatem
2172 6067 2319 6131 doctriua
2334 6068 2482 6133 mirabili

1591 6175 1776 6260 superabat.
1800 6174 1878 6239 Mox
1910 6175 2014 6239 010011
2040 6175 2236 6261 prestantior
2271 6176 2340 6262 ipso
2372 6184 2481 6263 patre,

1590 6302 1650 6346 uec
1681 6281 1786 6345 miuus
1815 6287 1947 6346 ornatus
1975 6303 2100 6347 morum
2131 6303 2169 6347 ac
2199 6284 2361 6369 gravitate
2395 6285 2482 6366 vite,

1591 6409 1687 6473 quam
1712 6388 1810 6452 fuerit
1825 6388 1984 6474 profunde
2001 6389 2190 6454 eruditionis
2206 6389 2343 6454 celeber.
2360 6391 2483 6455 Fulxit

1590 6502 1664 6583 post
1687 6503 1813 6582 tempus
1838 6503 1963 6560 tautum
1986 6497 2106 6582 eloquii
2119 6497 2227 6582 jubar,
2244 6503 2280 6562 ut
2295 6507 2483 6564 monstrant
