5484 7746
650 641 724 712 272
1440 657 1679 708 uouuuusra

736 818 819 882 Item
844 816 1049 880 medictatem
1073 815 1285 898 Casaraltule,
1310 815 1431 878 scilieet
1455 814 1596 877 omnium
1620 813 1858 900 posscssionum
1882 834 1961 899 quas
1984 813 2105 876 habent
2129 812 2161 876 iu
2184 812 2398 878 Cesaraltulo.

738 927 820 989 Item
844 947 954 988 omues
978 924 1196 1011 possessiones
1222 945 1283 1010 que
1307 929 1339 986 et
1363 945 1442 1008 quas
1456 922 1494 986 (1)
1519 921 1664 1006 [habent]
1688 923 1720 985 iu
1745 921 1834 986 curia
1858 923 1955 1005 castrj
1981 921 2084 1006 sauetj
2109 920 2223 1006 Paulj,
2248 928 2280 986 et
2310 923 2341 985 iu
2372 923 2461 986 curia

646 1033 756 1118 Pouij‚
781 1040 813 1098 et
837 1033 1011 1097 Treforcie.

736 1141 819 1204 Item
844 1161 954 1203 oruoes
978 1138 1196 1226 possessiones
1220 1158 1281 1222 que
1306 1143 1337 1200 et
1361 1158 1441 1222 quas
1465 1135 1586 1200 habeat
1610 1136 1641 1199 iu
1666 1142 1753 1199 terra
1777 1143 1809 1198 ct
1832 1136 1978 1200 districtu
1998 1136 2167 1216 Medicina,
2185 1143 2217 1200 et
2230 1137 2306 1222 jura
2322 1138 2460 1204 decima·

646 1270 717 1311 rum
742 1247 926 1311 eorumdem
951 1253 1120 1310 terrarum.

734 1355 817 1418 Item
842 1375 992 1439 eampum
1015 1353 1054 1416 de
1077 1352 1201 1433 Flesse,
1226 1373 1320 1436 quem
1344 1351 1474 1414 tenebat
1498 1351 1645 1415 domiuus
1669 1350 1840 1436 Rogerius.

735 1462 817 1525 Item
843 1469 961 1524 terram
986 1461 1052 1524 sire
1076 1459 1234 1544 braydam
1258 1457 1297 1521 de
1323 1457 1423 1523 Cento
1448 1457 1592 1522 Colloue.

735 1567 818 1632 Item
842 1575 943 1632 totam
967 1565 1150 1649 deeimalm]
1174 1565 1213 1628 dc
1238 1571 1320 1628 octo.

737 1675 829 1740 Sorte
854 1676 1000 1761 projecta
1024 1674 1063 1737 de
1088 1673 1254 1738 voluntate
1278 1671 1419 1736 omnium
1443 1679 1475 1736 et
1499 1671 1699 1757 singulorum
1722 1670 1933 1756 dominorum,
1951 1673 2077 1736 nemine
2101 1672 2140 1736 de
2162 1673 2310 1759 Capitulo
2335 1687 2459 1742 coutra-

646 1784 782 1866 diecute‚
807 1783 949 1866 [devenit
973 1783 1004 1844 iu
1029 1779 1166 1868 partem]
1188 1779 1401 1865 infrascriptis
1425 1779 1572 1861 dominis,
1597 1779 1737 1848 scilicet:

733 1895 785 1967 αἴ
801 1890 940 1954 Domiuo
964 1889 1119 1974 magistro
1143 1885 1310 1952 Bernardo
1334 1887 1496 1972 parmensi

732 2004 783 2075 (Π
799 1997 939 2062 Domino
962 1995 1130 2060 Bernardo
1155 1995 1194 2058 de
1219 1993 1389 2069 Querceto.

734 2107 815 2171 Item
840 2105 1032 2168 addiderunt
1055 2103 1186 2166 cuilibet
1209 2103 1295 2188 partj
1319 2101 1535 2188 predictarum
1560 2101 1701 2186 quinque
1731 2101 1882 2187 partium,
1907 2125 1962 2164 xx.
1986 2101 2087 2166 libras
2113 2103 2370 2190 bonoueuorum,
2396 2130 2457 2194 que

644 2216 762 2279 debeut
786 2213 926 2300 expeudj
951 2220 983 2275 et
1007 2212 1083 2297 pouj
1109 2211 1140 2274 in
1165 2207 1306 2292 esideutj
1330 2208 1469 2272 utilitate
1493 2207 1670 2289 domorum,
1687 2208 1740 2272 vel
1763 2207 1828 2272 alia
1844 2208 1986 2292 evidentj
2003 2209 2141 2274 utilitate
2158 2212 2329 2295 cujuslibet
2346 2217 2456 2300 partis.

733 2322 815 2385 Item
840 2319 878 2384 de
903 2319 1031 2401 conmuj
1056 2317 1221 2382 voluntate
1246 2315 1347 2380 tocius
1371 2315 1512 2401 Capituli
1535 2322 1717 2379 statuerunt
1740 2313 1826 2401 quod
1849 2316 1956 2379 nullus
1980 2338 2021 2379 cx
2041 2315 2134 2380 dictis
2154 2317 2290 2384 dominis
2308 2323 2357 2386 rel
2376 2325 2458 2390 alius

644 2452 702 2516 pro
734 2430 798 2510 eis,
823 2427 875 2490 nel
906 2448 1017 2490 eorum
1042 2425 1146 2508 nuutij
1171 2424 1310 2487 debeant
1333 2423 1474 2486 incidere
1499 2423 1640 2509 aliquam
1665 2422 1813 2487 arborem
1836 2422 1877 2486 ad
1901 2424 2033 2509 pedem,
2058 2434 2195 2510 excepta
2219 2426 2390 2494 berletal2l
2408 2433 2458 2496 vel

643 2537 742 2600 busco
759 2537 826 2599 sire
851 2555 991 2614 nemore,
1009 2541 1039 2596 et
1063 2534 1155 2618 siqua
1179 2531 1275 2594 arbor
1298 2529 1492 2594 incideretur
1508 2530 1675 2616 perveniat
1691 2529 1732 2593 ad
1749 2529 1944 2616 Capitulum,
1961 2539 2098 2617 excepta
2120 2532 2243 2598 berleta
2259 2536 2311 2600 sel
2329 2559 2457 2604 nemore

643 2645 726 2709 ute)
741 2643 861 2707 dictum
885 2650 942 2706 cst.

733 2751 815 2814 Item
840 2755 1022 2813 statuerunt
1046 2747 1172 2811 comuni
1196 2746 1362 2809 voluntate
1387 2751 1420 2809 et
1441 2744 1613 2808 voluerunt
1636 2745 1753 2808 durare
1777 2744 1879 2809 dictas
1906 2753 2015 2832 partes
2050 2769 2151 2832 usque
2181 2748 2221 2812 ad
2254 2773 2331 2816 xxv.
2357 2775 2457 2820 anuos

643 2858 789 2945 proxime
814 2857 999 2942 completos.

731 2969 783 3040 (lj'
796 2965 878 3028 Item
903 2964 930 3026 si
954 2963 1062 3047 aliquo
1086 2969 1229 3046 tempore
1254 2961 1362 3046 aliqua
1385 2960 1424 3023 lis
1448 2981 1504 3023 seu
1528 2959 1601 3024 lites
1624 2965 1830 3023 moverentur
1845 2981 1941 3045 super
1958 2960 2050 3024 dietis
2067 2961 2198 3027 decimis
2214 2965 2265 3028 vel
2287 2967 2458 3052 prebendis

643 3073 736 3137 dietis
765 3072 935 3136 Cauouicls
958 3069 1009 3132 vel
1034 3069 1130 3132 alicui
1154 3090 1283 3150 eorum,
1307 3068 1358 3130 vel
1389 3067 1451 3152 ipsi
1479 3067 1599 3131 domiui
1632 3066 1785 3131 (laconici
1816 3066 1868 3130 vel
1899 3067 2015 3152 aliquis
2046 3090 2156 3132 eorum
2188 3082 2353 3138 moverent
2386 3077 2457 3140 aliis

643 3179 768 3264 [litem]‚
787 3178 971 3264 Capitulum
995 3183 1143 3240 teneatur
1167 3176 1243 3238 dare
1267 3175 1333 3239 suis
1357 3174 1507 3260 expensis
1532 3173 1701 3260 Sapientes
1725 3174 1923 3238 necessarios
1947 3187 1978 3238 et
1999 3175 2191 3260 Syudicum3
2209 3187 2241 3242 et
2261 3181 2325 3244 alia
2350 3185 2458 3248 omnia

642 3290 720 3352 fiant
744 3287 893 3372 expensis
918 3285 1046 3349 illorum
1070 3284 1282 3364 dominorum,
1308 3282 1423 3368 quibus
1446 3290 1531 3345 mota
1555 3289 1662 3345 esseut
1685 3282 1758 3344 lites
1781 3283 1832 3345 vel
1858 3283 1912 3367 qui
1936 3291 2102 3347 moverent
2125 3285 2207 3350 aliis.

732 3395 815 3458 Item
839 3394 878 3457 de
903 3392 1030 3456 comuni
1054 3392 1220 3455 voluntate
1243 3390 1425 3472 voluerunt,
1443 3395 1624 3453 statuerunt
1648 3395 1680 3453 ct
1703 3389 1933 3454 ordinaverunt
1956 3391 2042 3476 quod
2066 3392 2200 3476 quilibet
2224 3394 2381 3460 dictorum
2402 3398 2458 3463 do·

643 3503 801 3566 minorum
824 3501 944 3564 habeat
967 3500 1130 3563 licentiam
1155 3497 1359 3584 permutandi
1378 3505 1502 3582 partem
1520 3496 1548 3559 ei
1569 3496 1808 3582 contingentem
1825 3518 1925 3582 usque
1942 3497 1983 3560 ad
2000 3497 2080 3562 duos
2097 3520 2234 3583 menses,
2251 3509 2283 3565 et
2300 3523 2319 3564 a
2335 3503 2462 3570 duobus

644 3608 806 3673 mensibus
830 3609 861 3671 iu
887 3614 961 3671 ante
986 3606 1069 3670 dicte
1092 3612 1201 3691 partes
1226 3604 1258 3667 iu
1282 3625 1341 3668 sua
1364 3604 1514 3668 firmitate
1539 3603 1723 3689 perdurent.

731 3716 814 3780 Item
838 3715 865 3778 si
890 3714 944 3800 qui
968 3714 1025 3799 allj
1050 3713 1171 3777 domiui
1195 3711 1348 3776 Canonici
1372 3711 1411 3774 dc
1436 3733 1518 3776 novo
1543 3711 1771 3798 reciperentur,
1788 3717 1958 3776 teneantur
1982 3713 2020 3776 de
2041 3735 2125 3777 novo
2142 3714 2286 3800 predicta
2303 3720 2412 3782 omnia
2429 3729 2461 3784 et

643 3823 771 3908 singula
795 3821 1005 3909 corporaliter
1029 3820 1070 3883 ad
1094 3826 1206 3883 sancta
1229 3819 1290 3882 Dei
1314 3817 1496 3904 Evangelia
1516 3820 1626 3902 jurare
1650 3819 1743 3882 firma
1766 3825 1798 3882 et
1821 3826 1891 3883 rata
1915 3827 2025 3884 tenere
2049 3828 2223 3907 autequam
2251 3825 2459 3909 recipiantur.

732 3928 802 4004 Qua
832 3931 938 3994 onmia
967 3934 998 3992 et
1029 3927 1157 4012 siugula
1189 3932 1310 3990 statuta
1340 3933 1372 3989 et
1401 3925 1623 3990 ordinamenta
1647 3933 1743 4011 atqua
1767 3925 1939 3990 divisiones
1964 3927 2126 3993 infradicti
2158 3930 2278 3993 domiui
2305 3933 2462 4018 promise·

642 4044 716 4102 runt
740 4047 772 4102 ct
796 4037 968 4101 voluerunt
990 4035 1111 4098 habere
1136 4041 1206 4097 rata
1230 4041 1262 4098 et
1285 4041 1394 4096 tenere
1415 4054 1453 4096 ac
1468 4034 1571 4114 firma,
1588 4040 1621 4096 et
1643 4033 1675 4096 iu
1700 4033 1788 4096 nullo
1813 4031 1927 4116 [litem]
1947 4056 2086 4117 movere,
2104 4037 2156 4100 vel
2170 4039 2390 4104 contrafacere
2408 4041 2460 4105 sel

642 4146 763 4210 venire.

729 4251 869 4315 Nomina
894 4257 1002 4314 autem
1026 4270 1136 4313 eorum
1160 4247 1372 4329 dominorum,
1397 4247 1451 4331 qui
1476 4246 1699 4329 iuterfuerunt,
1724 4255 1799 4310 suut
1823 4247 1901 4311 ista:

730 4363 782 4435 (Π
797 4358 955 4423 Dominus
978 4357 1133 4441 magister
1157 4354 1348 4440 Siuigardus
1372 4353 1851 4440 archipresbiterbononiensis

729 4469 781 4542 (Π
797 4465 955 4530 Dominus
980 4464 1137 4549 presbiter
1160 4462 1345 4547 Hugoliuus

729 4580 781 4648 of
796 4574 954 4638 Dorulaus
978 4571 1136 4658 presbiter
1160 4568 1346 4634 Beruardus
1371 4570 1410 4633 de
1435 4569 1594 4644 Queroeto

729 4685 780 4758 (ἵ
796 4681 954 4745 Dominus
978 4679 1047 4744 Aac
1245 4672 1255 4832 a

728 4794 780 4865 (Π
796 4789 954 4853 Dominus
979 4785 1203 4850 Zambertinus

728 4901 781 4972 C
797 4897 955 4960 Dominus
979 4893 1178 4959 Octavianus

608 5029 613 5038 ·
728 5009 779 5082 (ἵ
794 5004 954 5070 Dominus
978 5001 1162 5066 Bonifatius
1247 5069 1251 5084 Ι

728 5115 779 5188 (Π
795 5112 953 5175 Dominus
977 5109 1154 5174 Jacobinus
1244 5105 1254 5153 ἵ

727 5224 779 5295 (ιζ
795 5218 953 5284 Dominus
976 5217 1094 5281 Petrus
1243 5156 1254 5308 l

727 5331 779 5402 (Π
794 5325 952 5390 Dominus
976 5324 1099 5387 Paulus
1244 5321 1255 5481 p

727 5437 779 5508 (Π
795 5432 953 5497 Dominus
977 5431 1139 5516 Rogerius
1244 5497 1250 5514 Ι

729 5542 827 5606 Salvo
851 5541 878 5604 sl
902 5539 1010 5624 aliquo
1035 5546 1178 5624 tempore
1203 5537 1339 5600 eeclesia
1362 5538 1465 5600 sancti
1490 5536 1567 5601 Sisti
1591 5543 1769 5600 mutaretur
1788 5537 1839 5600 vel
1863 5545 2056 5620 moveretur,
2073 5539 2118 5602 ita
2135 5539 2221 5624 quod
2237 5539 2315 5623 dictj
2333 5540 2463 5605 domiui

638 5673 702 5714 nou
725 5655 857 5735 possent
880 5668 952 5710 eam
976 5646 1008 5708 in
1032 5667 1124 5710 suam
1147 5650 1272 5730 partem
1295 5643 1426 5727 habere,
1450 5645 1572 5708 scilieet
1594 5644 1672 5708 disti
1699 5644 1775 5727 iiij.‚
1799 5645 1831 5708 in
1865 5646 1957 5728 eujus
1989 5653 2080 5730 parte
2111 5646 2209 5710 fuerit
2242 5647 2381 5712 ecelesia
2408 5670 2462 5711 su·

638 5757 794 5844 predicta,
818 5756 851 5817 in
876 5752 1121 5838 vigiutjduabus
1144 5751 1293 5816 corbibus
1317 5751 1471 5836 frumentj
1495 5750 1680 5838 Capitulum
1702 5758 1851 5815 teneatur
1874 5752 2043 5838 providere
2069 5753 2202 5817 eisdem.

724 5867 777 5940 o:
792 5860 875 5926 Item
900 5861 944 5924 sic
969 5881 1029 5944 ego
1053 5858 1217 5922 Bolnisius
1241 5858 1463 5944 infrascriptos
1492 5861 1636 5923 notarius
1657 5860 1767 5943 juravj
1792 5858 1833 5922 ad
1856 5866 1969 5923 sancta
1993 5860 2055 5924 Dei
2078 5859 2259 5946 Evangelia
2280 5860 2313 5924 ia
2331 5861 2462 5924 animes

637 5973 779 6038 omnium
803 5975 835 6033 et
859 5968 1060 6053 singulorum
1083 5966 1201 6030 ibidem
1226 5967 1422 6052 presentium
1447 5966 1658 6049 dominorum,
1683 5966 1772 6030 nullo
1797 5966 2046 6050 contradicente,
2064 5967 2234 6032 acteuderc
2258 5974 2290 6032 et
2313 5989 2462 6052 servare,

636 6091 671 6146 ut
694 6080 815 6144 dictum
839 6084 888 6142 est
911 6078 944 6140 iu
969 6076 1116 6140 omnibus
1141 6083 1173 6139 et
1196 6074 1332 6160 siugulis
1356 6075 1514 6160 capitulis.

1247 4835 1255 4893 l
1278 4838 1405 4924 diacouj

1277 5267 1477 5353 subdiaconj.

729 6351 739 6398 1
775 6345 827 6397 sie.

715 6349 754 6501 iti
773 6433 895 6485 Berlelas
914 6432 1101 6485 Bououiensss
1121 6433 1223 6482 aletrino
1243 6431 1349 6496 dicunt,
1370 6435 1397 6483 et
1417 6432 1499 6483 etism
1518 6432 1642 6496 {luminis
1659 6433 1819 6496 marytrum,
1838 6431 1884 6483 ubi
1904 6431 2016 6483 teletae
2035 6435 2192 6484 nascuntur.

715 6527 754 6591 (3)
774 6523 806 6575 In
826 6523 904 6575 Cod.:
925 6539 939 6570 a
960 6523 997 6574 ud
1016 6539 1041 6573 ›.
