5492 7750
790 651 1022 703 sraerxnrm
1052 651 1103 701 nn
1131 649 1386 702 raosassonas
1414 649 1519 700 rums
1547 645 1680 698 oivrms
2091 625 2139 694 55

320 809 426 874 munis
451 809 597 874 Bononie
622 809 706 873 dieto
735 807 863 872 domino
887 806 976 870 Bitto
1000 805 1167 893 stipulantj
1197 804 1342 890 predicta
1366 803 1473 868 omnia
1497 809 1529 868 ct
1557 802 1685 887 singula
1716 801 1881 866 attendere
1908 807 1941 864 et
1969 801 2140 864 observare

322 924 354 980 et
378 917 553 1002 adimplere
578 924 610 980 et
626 937 690 982 non
712 915 944 996 contrafacere,
962 913 1013 976 vel
1033 913 1145 976 venire
1162 912 1270 996 aliqua
1286 912 1410 975 ratione
1427 911 1479 975 vel
1495 931 1603 974 causa.
1620 909 1663 974 Et
1678 929 1772 973 versa
1788 909 1857 972 vice
1874 908 1977 971 dictur
1994 907 2141 971 domiuus

321 1024 428 1088 Bittus
451 1024 597 1109 promisit
619 1044 678 1109 per
704 1021 945 1109 stipulationem
968 1041 1027 1106 pro
1051 1041 1084 1082 se
1109 1025 1140 1082 et
1164 1019 1229 1084 suis
1254 1017 1426 1082 heredibus
1450 1017 1534 1082 dicto
1559 1017 1702 1102 syndico,
1723 1015 1890 1101 recipientj
1915 1021 1947 1078 et
1974 1014 2142 1100 stipulanti

319 1131 390 1194 vioe
415 1137 447 1194 et
471 1129 600 1194 nomine
626 1128 814 1193 Communis
837 1127 994 1209 Bononie,
1012 1125 1190 1212 predictam
1213 1130 1376 1188 monetam
1399 1123 1575 1187 secundum
1598 1121 1817 1208 supradictum
1840 1121 1970 1185 modum
1992 1120 2142 1205 legaliter

321 1237 428 1301 facere
452 1242 485 1302 et
509 1236 578 1300 fleri
613 1237 720 1300 faeere
744 1235 830 1299 bona
853 1235 930 1315 fide,
956 1242 988 1297 ct
1012 1232 1178 1297 attendere
1202 1238 1234 1294 et
1258 1231 1429 1295 observare
1462 1231 1569 1295 omnia
1601 1236 1633 1293 et
1659 1229 1788 1314 singula
1819 1228 2046 1315 suprascripta.
2071 1227 2141 1302 (ιιι

321 1345 429 1409 οιιιιιίι
453 1351 486 1408 ιι
511 1344 639 1428 singula
663 1342 879 1429 promiserunt
902 1342 987 1405 intra
1011 1361 1045 1404 se
1068 1339 1208 1403 vicissim
1233 1339 1316 1402 alter
1340 1338 1433 1401 alteri
1457 1337 1621 1402 attendere
1645 1345 1677 1402 et
1698 1338 1870 1402 observare
1887 1343 1919 1400 et
1936 1358 1999 1400 uon
2015 1341 2141 1400 contra-

321 1450 439 1534 facere,
456 1451 510 1514 vel
533 1451 644 1514 venire
668 1450 777 1536 aliqua
802 1450 926 1513 ratione
951 1448 1002 1512 vel
1026 1467 1134 1528 causa,
1152 1445 1211 1510 sub
1235 1467 1320 1531 pena
1342 1444 1429 1508 mille
1453 1445 1657 1510 marcharum
1681 1446 1808 1530 argentj
1834 1445 1910 1529 bouj
1934 1451 1966 1508 et
1994 1444 2061 1528 finj,
2085 1443 2140 1506 sti·

321 1557 486 1643 pulatione
510 1557 679 1642 promissa,
697 1563 729 1619 et
747 1555 946 1641 obligatione
970 1554 1129 1618 bonorum
1155 1551 1340 1616 Communis
1363 1550 1509 1616 Bononie
1532 1558 1564 1615 et
1587 1551 1664 1616 dicti
1680 1551 1801 1615 domini
1817 1550 1907 1633 Bitti,
1924 1558 1957 1614 et
1972 1549 2031 1613 sub
2048 1549 2141 1613 reffe-

321 1665 426 1728 ctioue
450 1663 663 1750 dampnorum
687 1669 720 1726 et
743 1683 960 1748 expensarum
983 1682 1020 1725 ae
1044 1661 1198 1724 iuteresse
1222 1659 1288 1722 litis
1312 1665 1344 1723 et
1368 1665 1478 1741 extra3
1503 1680 1564 1744 que
1587 1659 1734 1745 premisit
1756 1679 1839 1722 uuus
1863 1658 1957 1721 alteri
1985 1657 2141 1720 resarcire

320 1771 531 1855 integraliter,
549 1791 633 1856 pena
656 1770 778 1834 tociens
803 1769 1010 1833 commitatur
1033 1775 1066 1832 ιι
1089 1768 1178 1853 exigi
1201 1766 1302 1852 possit
1325 1766 1477 1851 quociens
1500 1766 1734 1830 contrafactum
1757 1764 1854 1829 fuerit
1877 1765 1930 1829 vel
1952 1772 2083 1828 ventum
2107 1763 2141 1827 in

321 1878 465 1964 quolibet
488 1885 520 1942 et
542 1899 601 1964 pro
626 1877 770 1963 quolibet
794 1876 935 1962 capitulo
960 1876 1154 1962 supradicto.
1178 1874 1221 1938 Et
1245 1895 1284 1938 ea
1307 1874 1430 1956 soluta,
1455 1881 1588 1957 exacta,
1613 1874 1665 1938 vel
1696 1895 1777 1956 nou,
1802 1872 1947 1959 predicta
1978 1873 2086 1936 omnia
2109 1877 2142 1936 et

325 1986 454 2070 singula
477 1985 570 2049 firma
595 1993 627 2049 at
650 1991 722 2050 rata
745 1985 932 2050 consistant.

291 2128 292 2132 =
412 2092 456 2156 Et
479 2091 624 2177 predicta
648 2093 756 2156 omnia
780 2097 812 2155 et
836 2090 965 2176 singula
980 2088 1182 2174 integraliter
1205 2089 1416 2154 observentur
1440 2087 1481 2151 ad
1505 2089 1625 2151 bonum
1649 2095 1680 2152 et
1701 2109 1815 2152 sanum
1831 2087 2030 2151 intellectum
2054 2092 2140 2151 recte

324 2207 356 2264 et
379 2200 538 2284 legaliter,
564 2199 740 2264 secuudum
764 2198 848 2285 quod
872 2197 993 2284 scripta
1016 2204 1090 2260 sunt
1113 2217 1212 2281 supra
1235 2196 1268 2259 iu
1290 2196 1393 2282 pactis
1417 2201 1448 2259 et
1474 2195 1739 2259 conventionibus
1763 2194 1966 2280 supradictis.

413 2306 456 2370 Et
480 2307 629 2392 insuper:

325 2420 378 2490 (ἵ
388 2413 536 2478 deminus
558 2411 719 2476 Ribaldus
743 2413 782 2476 de
805 2411 976 2476 Foscardis
1456 2430 1566 2474 omues
1597 2408 1732 2494 predicti
1762 2417 1794 2472 et
1825 2408 1960 2494 quilibet
1982 2409 2140 2494 predicto·

323 2529 376 2600 (Π
389 2520 537 2585 domiuus
560 2520 695 2605 Uguitio
720 2521 759 2584 de
782 2520 979 2584 Auxellettis
1455 2537 1527 2580 rum
1549 2515 1770 2602 principaliter
1794 2522 1826 2580 et
1849 2515 2022 2580 insolidum
2048 2537 2082 2579 se
2106 2537 2140 2578 o·

321 2635 375 2705 ‹L‘
385 2627 532 2692 dominus
556 2627 768 2692 Ricoardiuus
792 2627 831 2690 de
855 2626 1035 2709 Artinexijs
1455 2623 1609 2708 bligaudo
1640 2623 1770 2687 realiter
1801 2629 1833 2686 et
1863 2623 2076 2709 personaliter
2106 2624 2139 2686 in

322 2743 375 2812 (ιζ
388 2736 536 2799 dominus
560 2735 695 2798 Albinus
719 2735 758 2799 do
781 2733 913 2799 Duliolo
1456 2732 1604 2796 omnibus
1635 2737 1668 2795 et
1697 2731 1833 2816 singulis
1864 2731 2012 2816 capitulis
2042 2731 2139 2815 bajus

267 2885 271 2890 -
321 2842 535 2920 ojdominus
559 2841 770 2906 Benvenutus
793 2841 941 2906 Melouus
1456 2845 1650 2921 contractus,
1671 2839 1900 2902 constituentes
1925 2859 1959 2902 se
1983 2838 2143 2924 priucipa-

321 2954 374 3025 (ιζ
387 2949 534 3013 dominus
559 2947 781 3012 Cazauimicus
806 2948 938 3013 Cazctta
1456 2946 1521 3028 les,
1547 2945 1772 3010 renunciantes
1800 2945 1963 3010 beneficiis
1987 2966 2144 3009 novarum

321 3063 374 3134 (ιζ
387 3057 534 3120 dominus
559 3056 740 3119 Zeveninus
764 3057 803 3120 de
828 3055 1072 3120 Zovenzonibus
1457 3053 1721 3118 constitutionum
1741 3052 1780 3116 de
1798 3052 2038 3116 fideiussoribus
2055 3058 2087 3116 et
2103 3052 2142 3116 de

321 3171 375 3242 (ιζ
387 3163 730 3228 dominusPetriaolus
748 3164 909 3250 quondam
926 3164 1048 3228 domiui
1065 3163 1231 3249 Aymericj
1248 3161 1387 3226 Zoheuis
1456 3159 1602 3245 pluribus
1634 3160 1698 3224 reis
1735 3159 1890 3243 debendi,
1914 3160 2049 3244 epistole
2078 3159 2144 3223 divi

321 3278 374 3348 (ιῖ
387 3272 534 3336 domiuus
557 3271 718 3356 Ugolinus
742 3272 782 3335 de
808 3271 971 3335 Sabatinis
995 3271 1094 3334 iudex
1455 3266 1594 3350 Adrianj
1619 3265 1682 3332 fori
1695 3266 1876 3352 privilegio,
1890 3267 1956 3331 deli
1967 3267 2055 3350 mali,
2069 3288 2143 3331 con-

321 3387 374 3456 QJ
388 3379 534 3443 dominus
558 3379 724 3444 lohannes
749 3379 870 3443 domiui
891 3378 1083 3462 Laubertinj
1109 3377 1308 3442 Zoveuzouis
1455 3375 1587 3440 dictioni
1610 3375 1753 3458 indebiti,
1771 3376 1840 3439 sine
1861 3396 1959 3439 causa
1982 3376 2071 3439 etin
2094 3375 2142 3439 fa·

322 3495 408 3549 ctum
432 3485 550 3549 actioni
574 3491 607 3548 et
630 3485 716 3549 ornui
740 3485 796 3568 alij
821 3485 1004 3572 exceptioni
1026 3491 1058 3548 et
1082 3484 1160 3548 iuris
1185 3492 1217 3548 et
1240 3484 1349 3570 legum
1372 3483 1504 3565 auxilio,
1522 3483 1737 3569 promiserunt
1752 3503 1810 3568 per
1826 3483 2067 3568 stipulationem
2092 3505 2141 3546 so-

320 3592 480 3677 lempnem
504 3614 563 3677 per
586 3613 620 3657 se
644 3613 783 3678 suosque
807 3592 952 3674 heredes,
971 3591 1058 3656 cinni
1078 3592 1278 3676 exceptione,
1295 3591 1462 3656 occasione
1484 3591 1567 3674 juris
1590 3589 1642 3652 vel
1666 3587 1744 3653 facti
1763 3595 1897 3672 remota,
1914 3589 1999 3653 dicto
2016 3589 2140 3654 Jacobo

321 3699 453 3783 syndico
479 3699 664 3763 Communis
687 3699 833 3763 Bononie
856 3699 1025 3785 recipienti
1048 3705 1081 3762 et
1104 3698 1271 3784 stipulanti
1294 3699 1423 3762 nomine
1444 3705 1476 3761 et
1492 3697 1561 3761 vice
1579 3696 1764 3761 Communis
1787 3697 1933 3762 Bononie
1950 3704 1982 3760 et
1997 3718 2055 3782 pro
2072 3696 2142 3781 ipso

321 3804 500 3888 Communi,
518 3827 552 3870 se
576 3806 719 3870 facturos
743 3813 775 3870 et
799 3813 966 3870 curaturos
991 3806 1076 3891 quod
1101 3806 1205 3870 dietus
1228 3805 1376 3869 domiuus
1392 3803 1510 3887 Bittus,
1528 3804 1703 3869 conductor
1726 3804 1810 3868 dicte
1827 3810 1964 3886 monete,
1982 3804 2090 3868 ornuia
2110 3813 2142 3868 et

320 3912 449 3998 singula
472 3914 690 3999 suprascripta
714 3919 746 3977 et
769 3911 975 3999 infrascripta
999 3913 1144 3977 attendet
1166 3919 1199 3977 et
1227 3912 1411 3977 observabit
1435 3919 1466 3976 et
1490 3912 1614 3997 integre
1643 3911 1832 3997 adimplebit
1855 3917 1887 3974 et
1911 3911 2031 3975 dictum
2054 3933 2139 3976 com·

319 4041 415 4084 mune
438 4021 584 4086 Bononie
609 4021 814 4107 indempnem
837 4021 1051 4086 conservabit.
1074 4021 1118 4085 Et
1141 4022 1167 4084 si
1191 4041 1254 4084 nou
1279 4020 1461 4085 attenderet
1496 4027 1528 4084 et
1559 4020 1762 4103 observaret,
1787 4019 1850 4104 ipsi
1882 4040 1939 4105 per
1972 4040 2006 4082 se
2038 4027 2070 4084 et
2102 4019 2141 4084 de

283 4119 285 4126 ’
320 4149 431 4192 corum
446 4129 576 4215 proprio
601 4128 768 4193 attendent
791 4134 825 4192 et
847 4128 1065 4193 observabunt
1085 4134 1118 4192 et
1134 4128 1366 4213 adimplebunt,
1383 4128 1443 4191 sub
1459 4128 1545 4192 diota
1568 4148 1652 4213 pena
1672 4126 1759 4190 mille
1779 4126 1985 4190 marcharum
2001 4127 2139 4212 argenti,

320 4235 527 4321 stipulatione
552 4236 719 4321 promissa,
737 4235 841 4300 eidem
858 4235 990 4321 syndico
1015 4235 1144 4300 nomino
1168 4242 1200 4300 ct
1222 4235 1293 4300 vice
1311 4235 1495 4299 Communis
1518 4235 1664 4299 Bononie
1681 4234 1849 4320 recipienti
1865 4241 1897 4297 et
1914 4234 2092 4320 stipulanti,
2110 4241 2142 4298 et

322 4363 362 4406 ea
385 4343 500 4424 soluta,
525 4348 651 4425 exacta,
669 4342 721 4411 vel
744 4363 819 4425 uon,
840 4341 985 4428 predicta
1009 4343 1116 4407 omnia
1141 4348 1173 4406 et
1196 4341 1325 4427 singula
1349 4341 1586 4405 nichillominus
1603 4362 1731 4427 semper
1753 4347 1825 4404 rata
1849 4341 1913 4405 sint
1936 4349 1967 4404 ot
1990 4341 2083 4404 firma
2107 4347 2139 4404 et

321 4451 493 4515 observare
516 4451 641 4535 integre
665 4451 892 4536 promiserunt.
916 4450 1001 4514 Item
1023 4449 1155 4514 reficere
1191 4471 1228 4514 ao
1252 4450 1421 4514 restituere
1445 4449 1553 4513 ornnia
1576 4454 1608 4513 et
1632 4448 1760 4533 singula
1785 4448 1934 4535 dampna,
1967 4470 2138 4534 expensas,

323 4579 360 4622 ae
384 4557 538 4622 interesse
561 4558 628 4621 litis
650 4565 683 4622 et
706 4564 810 4640 extra,
834 4580 892 4644 pro
916 4558 1032 4643 quibus
1049 4556 1197 4621 omnibus
1221 4563 1254 4620 et
1277 4557 1413 4642 singulis
1430 4555 1645 4639 attendendis,
1663 4555 1872 4621 observandis
1889 4563 1922 4620 et
1938 4556 2139 4641 integraliter

323 4663 536 4750 adimplendis
561 4665 787 4750 obligaverunt
811 4664 895 4729 dicto
920 4664 1062 4750 syndico,
1082 4665 1208 4728 nomine
1226 4671 1258 4728 ct
1275 4664 1345 4728 vice
1366 4662 1551 4728 Communis
1567 4663 1713 4727 Bononie
1730 4663 1898 4750 recipienti
1914 4669 1946 4727 et
1962 4662 2139 4748 stipulanti,

326 4771 432 4836 omnia
456 4792 567 4835 eorum
590 4772 676 4836 bona
698 4778 766 4836 tam
789 4772 901 4837 habita
926 4792 1023 4857 quam
1046 4771 1206 4837 habenda.

408 4879 564 4943 Preterca
588 4878 691 4943 dictus
716 4880 863 4943 dominus
888 4879 1003 4943 Bettus
1027 4879 1146 4944 iuravit
1168 4880 1210 4943 ad
1233 4885 1346 4942 sancta
1362 4877 1425 4943 Dei
1440 4877 1621 4964 Evangelia
1641 4877 1852 4964 corporaliter
1872 4876 2015 4963 predicta
2033 4877 2140 4940 omnia

321 4993 354 5050 et
376 4985 515 5070 singula,
532 4993 568 5049 ut
588 5007 685 5073 supra
710 4987 830 5072 scripta
846 4992 931 5068 sunt,
949 4985 994 5051 sio
1012 4987 1190 5069 attendere,
1208 4986 1380 5050 observare
1404 4993 1436 5049 et
1460 4985 1636 5070 adimplere
1662 4985 1695 5048 iu
1712 4985 1861 5049 omuibus
1885 4992 1916 5048 et
1940 5005 1997 5069 per
2022 4985 2138 5048 omnia.

412 5092 506 5166 Quod
540 5092 669 5177 quidem
698 5101 829 5178 pactum
861 5093 1076 5179 approbatum
1107 5093 1169 5157 fuit
1199 5113 1257 5178 per
1287 5093 1449 5179 sapientes
1472 5092 1558 5156 viros
1581 5092 1746 5156 dominum
1768 5091 1987 5155 Rolaudiuum
2011 5090 2050 5155 de
2073 5091 2139 5155 Ro·

319 5200 472 5284 mancijs,
498 5199 676 5284 Ugolinum
703 5200 865 5285 quondam
889 5199 1010 5264 domini
1035 5200 1208 5284 Zambonj,
1233 5199 1448 5264 Thomaxium
1473 5198 1593 5262 domiui
1616 5198 1783 5282 Peverarij
1812 5205 1844 5261 et
1868 5198 2077 5262 Guillelrnum
2100 5198 2139 5262 de

319 5305 575 5388 Rombodeviuo,
601 5305 748 5370 doctores
772 5306 909 5392 Legum,
935 5313 1084 5392 acceptos
1107 5328 1165 5393 per
1189 5307 1354 5371 dominum
1377 5305 1574 5370 Potestatem
1598 5305 1755 5369 Bononie.

409 5413 472 5487 Qui
496 5413 638 5477 lacobus
663 5412 831 5496 Oaxottus,
857 5413 1008 5500 syndicus
1033 5413 1219 5478 Communis
1242 5412 1408 5495 Bononie,
1433 5413 1551 5476 iuravit
1575 5433 1671 5498 super
1702 5413 1843 5476 animam
1870 5412 2059 5496 Potestatis,
2085 5414 2140 5499 qui

319 5540 404 5584 nune
428 5528 476 5583 est
499 5521 551 5583 vel
574 5541 632 5606 pro
668 5526 813 5606 tempore
846 5521 961 5604 fuerit,
986 5526 1019 5585 et
1048 5521 1191 5584 omnium
1220 5519 1259 5584 do
1284 5519 1459 5602 Cousoilio,
1484 5527 1516 5583 et
1540 5519 1579 5583 de
1603 5519 1746 5605 ipsorum
1769 5520 1905 5584 licencia
1931 5527 1963 5584 et
1986 5521 2138 5586 mandato

321 5628 428 5692 omnia
452 5634 485 5692 et
509 5628 637 5713 singula
661 5627 848 5714 supradicta
871 5629 964 5693 firma
999 5636 1031 5694 et
1062 5635 1133 5692 rata
1163 5636 1274 5692 tenere
1309 5634 1342 5692 et
1373 5628 1494 5692 habere
1528 5633 1560 5691 et
1590 5649 1654 5692 non
1689 5628 1909 5693 contrafacere
1941 5629 1993 5693 vel
2028 5630 2138 5694 venire

321 5734 429 5820 aliqua
454 5735 577 5798 ratione
603 5735 654 5799 vel
679 5757 787 5818 causa,
812 5735 851 5801 de
876 5737 945 5800 iure
968 5737 1021 5801 vel
1046 5737 1085 5800 de
1109 5736 1205 5800 factu.

405 5841 490 5906 Acta
513 5849 545 5906 ct
569 5842 732 5907 celebrata
756 5842 887 5908 fuerunt
910 5844 1057 5929 predicta
1079 5844 1187 5909 omnia
1211 5843 1242 5907 iu
1273 5843 1432 5909 Oousoilio
1464 5843 1597 5928 speciali
1630 5850 1662 5908 et
1695 5845 1840 5930 generali
1864 5843 2049 5909 Communis
2073 5846 2137 5911 Bo-

318 5949 424 6031 nonie,
449 5949 490 6012 ad
514 5971 629 6014 sonum
652 5972 885 6037 campanarum
907 5951 940 6015 iu
964 5952 1086 6038 palatio
1110 5952 1213 6017 veteri
1243 5951 1428 6016 Communis
1459 5951 1596 6037 predicti
1625 5973 1713 6017 more
1747 5952 1841 6016 solito
1873 5959 2080 6037 congregato,
2105 5955 2138 6018 iu

319 6057 482 6141 presentia
506 6057 628 6122 domini
650 6058 778 6122 Alberti
802 6058 842 6122 de
866 6058 1025 6141 Fontana,
1046 6059 1221 6123 Potestatis
1245 6059 1391 6123 Bononie
1415 6065 1448 6123 ct
1476 6058 1603 6142 Ymole,
1620 6067 1652 6122 et
1675 6059 1796 6123 domiui
1819 6059 1952 6122 Riaardi
1975 6060 2015 6123 de
2039 6060 2136 6143 Villa,

321 6161 489 6248 Capitauei
512 6165 624 6250 populi
647 6171 679 6229 et
702 6166 924 6230 Aucianorum
940 6171 972 6229 ct
998 6164 1174 6230 Consulum
1188 6166 1318 6252 populi;
1335 6166 1538 6253 presentibus
1555 6166 1684 6230 domino
1701 6165 1851 6230 Gaudino
1871 6164 1990 6251 judice,
2008 6167 2137 6232 domiuo

321 6269 462 6334 Zenzore
487 6271 648 6356 quondam
672 6272 790 6336 lllilche
813 6272 951 6355 notario,
975 6272 1104 6336 domino
1127 6273 1358 6336 Beneventura
1381 6272 1421 6337 de
1443 6272 1636 6355 Prunarola,
1660 6273 1796 6355 notario,
1820 6273 1948 6337 domino
1972 6273 2074 6358 Nigro
2098 6275 2137 6340 de

319 6375 454 6451 Quercis
477 6379 614 6462 notario,
638 6378 788 6443 Jolranne
813 6378 933 6443 domiui
957 6379 1140 6464 Beuvignai
1163 6380 1299 6462 notario,
1323 6379 1510 6462 Ricardino,
1531 6380 1691 6445 daoobiuo
1714 6380 1888 6464 Auxellittj
1913 6380 2137 6446 baunitoribus

322 6482 507 6549 Communis
529 6485 675 6550 Bononie
700 6492 732 6550 et
755 6486 827 6550 aliis
851 6486 997 6572 pluribus
1020 6488 1156 6551 testibus
1180 6487 1213 6550 in
1236 6487 1322 6552 dicto
1347 6487 1506 6553 Conscilio
1531 6488 1760 6570 existentibus,
1785 6488 1923 6571 vocatis,
1948 6489 2081 6574 rogatis.
