5544 7750
1013 659 1096 710 aua.
1125 658 1197 708 crv.
1227 659 1275 708 nn
1303 657 1387 708 osu.
1417 657 1525 708 Paos.
2098 635 2173 706 345

469 817 535 890 IV.
565 815 788 890 MCCCXX.
817 816 1043 890 Venerabilis
1072 816 1185 889 frater
1208 816 1375 912 Prosper,
1398 813 1541 887 Ordinis
1560 814 1811 908 Eremitarum,
1833 813 2004 908 magister
2022 813 2058 886 in
2078 837 2180 886 saera

362 941 552 1037 theologia,
571 951 607 1014 et
635 941 880 1036 Macagnanus
910 941 953 1014 de
982 940 1208 1036 Azzoguidis,
1229 939 1348 1036 legum
1377 939 1552 1034 doctores,
1574 939 1699 1012 arbitri
1726 938 1825 1011 fuere
1853 939 1888 1009 in
1918 938 2072 1034 quadam
2096 963 2180 1011 con-

362 1067 547 1163 troversia,
577 1091 667 1163 quae
695 1074 773 1140 erat
801 1067 894 1139 inter
921 1067 1149 1140 Francisoam
1169 1065 1347 1162 quondam
1368 1063 1501 1136 domini
1517 1063 1733 1136 Montcnarii
1753 1071 1788 1135 et
1808 1063 1982 1136 Jacobum
2003 1064 2182 1160 quondam

362 1191 494 1265 domini
521 1191 696 1264 Matthaei
725 1191 768 1264 de
796 1190 1020 1264 Blanchittis.
2206 1257 2211 1268 .

468 1317 514 1389 V.
545 1316 807 1412 MCCCXXI.,
837 1317 983 1390 XXIII.
1011 1316 1176 1390 octobris,
1207 1314 1342 1389 Salutio
1371 1315 1574 1389 decernitur
1601 1314 1825 1409 Macagnano
1855 1313 1988 1413 Legum
2018 1315 2181 1412 Doctori,

362 1443 423 1540 qui
463 1467 543 1514 curn
580 1443 716 1515 duobus
752 1441 830 1515 aliis
867 1442 1039 1516 Venetiae
1078 1441 1217 1536 legatus
1254 1441 1369 1513 iverat
1400 1465 1468 1538 pro
1497 1440 1680 1513 concordio
1707 1439 1875 1534 faciendo
1905 1443 1997 1512 inter·
2029 1438 2181 1514 cornuae

363 1568 500 1642 Bonan.
530 1575 560 1639 et
593 1565 745 1642 Comana
782 1568 1017 1663 Veneriorum,
1046 1567 1250 1663 decemque,
1280 1565 1375 1638 ultra
1403 1565 1613 1638 constitutos
1642 1565 1728 1661 sibi,
1759 1565 1834 1638 dies
1865 1565 1912 1637 ibi
1942 1575 2180 1639 commoratus

362 1694 480 1766 fuerat
495 1691 546 1766 (¹).

469 1820 535 1892 VI.
565 1817 806 1892 MCCCXXI.
845 1817 1070 1912 Macagnano
1108 1818 1152 1890 de
1180 1816 1397 1912 Azzoguidis
1434 1817 1557 1889 datum
1590 1816 1657 1888 fuit
1690 1840 1735 1889 ex
1775 1815 1810 1889 S.
1841 1815 1881 1888 C.
1921 1815 2103 1912 negotium
2135 1816 2179 1890 de

361 1944 605 2018 Universitatc
634 1944 884 2039 instauranda,
915 1942 1008 2039 quod
1037 1943 1178 2039 quidem
1207 1941 1362 2039 suscepit
1391 1966 1461 2014 una
1491 1966 1569 2013 curn
1599 1940 1676 2014 aliIs
1703 1940 1843 2014 illorum
1872 1950 2072 2038 temporum
2100 1939 2179 2013 illu-

362 2070 493 2142 stribus
521 2069 671 2142 dominis
699 2068 807 2141 Petro
837 2068 879 2140 de
910 2065 1075 2162 Cernitis,
1105 2068 1244 2139 Joanno
1274 2066 1453 2162 Andreae,
1483 2067 1618 2139 Jacobo
1648 2067 1691 2138 dc
1720 2063 1999 2161 Butrigariislb.

467 2194 554 2267 VII.
584 2191 844 2266 MCCCXXII.
874 2191 1119 2288 Macagnanus
1148 2191 1306 2265 delectus
1334 2192 1377 2264 ad
1417 2177 1676 2264 consulendum
1699 2215 1745 2264 an
1773 2190 1929 2263 Thomas
1959 2190 2181 2264 Carnelvarii

362 2327 455 2393 esset
484 2320 527 2391 de
555 2320 659 2391 domo
688 2319 730 2390 de
757 2315 934 2390 Pritistssl.
1587 2357 1590 2364 .

468 2444 574 2518 VIII.
604 2442 903 2539 MCCCXXIV.,
924 2442 1048 2516 XVII.
1079 2443 1293 2516 novembris.
1323 2443 1567 2536 Macagnanus
1596 2442 1774 2538 quondam
1803 2441 1935 2513 domini
1960 2441 2125 2535 Gregorii
2140 2439 2180 2504 (4)

362 2571 404 2643 de
435 2568 660 2665 Anzoguidis,
690 2568 808 2663 legum
838 2568 972 2661 doctor,
1004 2591 1171 2664 praesens
1199 2567 1267 2639 suit
1296 2567 1463 2639 codicillis
1493 2565 1659 2640 Ghiberti
1688 2575 1755 2638 etc.
1773 2565 1812 2628 (⁵)

468 2695 536 2769 IX.
566 2692 847 2787 MCCCXXV.,
878 2693 1042 2765 XXVII.
1071 2692 1233 2766 ianuarii.
1263 2692 1508 2787 Macagnanus
1537 2691 1580 2764 de
1604 2692 1820 2786 Azzoguidis
1849 2691 1977 2764 arabilis
1999 2694 2054 2765 uir
2073 2699 2104 2765 et
2121 2716 2180 2764 sa-

355 2823 459 2920 piens
486 2821 598 2918 legum
628 2819 754 2914 doctor,
783 2821 867 2890 civis
894 2817 1036 2914 benaa,
1066 2819 1214 2912 absens,
1253 2817 1320 2890 luit
1349 2817 1482 2889 electus
1511 2817 1645 2890 arbiter
1672 2817 1764 2888 inter
1793 2815 1986 2890 Soldanum
2020 2818 2062 2890 de
2092 2816 2179 2890 Gal-

361 2946 457 3018 lutiis
486 2956 521 3018 et
550 2944 750 3016 (luidonem
780 2941 1066 3040 Semipizzolid).

468 3071 517 3143 X.
547 3067 827 3164 MCCCXXV.,
857 3069 1005 3142 XXIX.
1035 3068 1196 3142 ianuarii.
1227 3069 1472 3164 Macagnanus
1509 3067 1591 3141 olim
1632 3068 1763 3140 domini
1797 3067 1963 3164 Gregorii
1991 3069 2034 3140 de
2062 3069 2179 3142 Anzo-

362 3195 488 3292 guidis,
509 3194 628 3288 legum
648 3194 783 3288 doctor,
804 3192 911 3265 filiam
932 3217 1032 3265 suam
1051 3193 1224 3266 Bittiuam
1244 3194 1279 3264 in
1298 3193 1561 3264 matrimonium
1582 3191 1819 3264 collocaverat
1839 3193 1932 3265 Dino
1952 3190 2179 3288 d’Argelata,

361 3321 549 3416 dotemque
579 3319 725 3391 dederat
754 3316 862 3390 libras
891 3316 1025 3391 CCCC.
1046 3316 1191 3390 Mortua
1219 3317 1368 3412 Bittina,
1391 3317 1503 3390 Dinus
1528 3317 1751 3411 Macagnano
1770 3318 1926 3390 restituit
1955 3317 2064 3389 libras
2084 3315 2177 3412 CC.;

362 3470 450 3541 quas
478 3468 514 3517 se
543 3443 721 3539 accepisse
751 3449 904 3515 testatur
932 3466 1025 3514 nunc
1052 3442 1309 3538 Macagnanus,
1341 3451 1375 3514 et
1403 3441 1535 3514 Diuum
1565 3467 1585 3514 a
1614 3451 1691 3514 tota
1720 3442 1801 3514 dote
1829 3441 1958 3514 liberat
1972 3440 2023 3514 (⁷).

469 3569 536 3642 XI.
567 3565 847 3662 MCCCXXV.,
878 3567 1042 3640 XXVII.
1074 3567 1202 3640 martii.
1233 3566 1456 3662 Macagnano
1485 3568 1527 3639 de
1556 3566 1772 3661 Azzoguidis
1801 3576 1836 3640 et
1864 3567 2018 3662 Aegidio
2045 3566 2177 3639 Fosca-

361 3695 466 3790 rario,
496 3720 568 3766 una
596 3718 676 3765 oum
704 3691 782 3766 aliis
811 3692 1036 3788 Sapientibus
1064 3691 1210 3764 delectis
1238 3692 1283 3766 ad
1312 3693 1551 3766 defensionem
1580 3701 1615 3765 et
1644 3692 1924 3789 pacificationem
1953 3702 2175 3787 montaneae,

362 3820 600 3894 decernuntur
629 3816 668 3890 C.
700 3817 835 3913 equites
864 3825 899 3889 et
928 3817 1065 3914 pedites
1093 3818 1128 3888 in
1157 3843 1199 3890 ea
1228 3817 1404 3891 Societate
1419 3815 1470 3890 (⁸).

467 3944 555 4017 XII.
585 3941 884 4038 MCCCXXVI,
905 3942 971 4014 Vl.
993 3942 1157 4015 octobris.
1188 3943 1452 4038 Macagnanus,
1482 3942 1601 4038 legum
1630 3944 1764 4039 doctor,
1795 3944 1929 4016 arbiter
1962 3943 2054 4016 inter
2081 3943 2177 4016 Mat-

362 4070 505 4142 thaeum
533 4070 576 4141 de
606 4066 812 4140 Centanelle
841 4075 876 4140 et
904 4067 1131 4140 Fautolinum
1161 4069 1338 4163 quondam
1366 4068 1565 4141 Adhelardi
1593 4066 1712 4141 etc.(⁹)

467 4193 574 4267 XIII.
605 4191 941 4288 MCCCXXVIII.,
963 4193 1068 4266 VIII.
1098 4192 1183 4266 iulii.
1215 4192 1304 4265 Cum
1333 4192 1376 4265 lis
1404 4194 1560 4267 maxima
1588 4194 1682 4266 circa
1709 4193 1949 4266 haereditates
1978 4203 2177 4267 verteretur

361 4321 453 4392 inter
480 4317 669 4391 Nicolaum
697 4319 739 4390 de
770 4316 897 4391 Castro
926 4316 1049 4390 Sancti
1076 4318 1174 4391 Petri
1204 4326 1239 4390 et
1269 4317 1507 4392 Gerardinum
1538 4319 1581 4390 de
1609 4316 1760 4390 Alhellis
1789 4319 1832 4390 de
1861 4319 2046 4415 Sanardia,
2076 4318 2179 4392 electi

361 4445 396 4516 in
424 4443 577 4517 arbitros
605 4443 747 4515 fuerant
775 4442 967 4515 Vianesius
995 4442 1038 4514 de
1067 4442 1350 4540 Pascipauperis,
1370 4442 1490 4538 legum
1517 4444 1651 4539 doctor,
1672 4452 1708 4516 et
1726 4444 1882 4517 Jaccbus
1902 4445 1945 4516 de
1965 4443 2175 4540 Tederixiis,

356 4568 595 4666 jurisperitus.
617 4567 684 4640 His
712 4567 805 4639 inter
833 4592 869 4639 se
900 4567 1199 4663 dissentientibus,
1221 4568 1348 4640 tertius
1367 4577 1504 4640 secreto
1528 4576 1581 4640 est
1601 4567 1754 4664 additus,
1777 4569 1875 4641 cuius
1902 4593 2029 4642 nomen
2054 4569 2179 4642 charta

361 4694 587 4788 obsignatum
615 4693 769 4790 positum
793 4699 847 4764 cst
875 4692 911 4763 in
941 4693 1102 4765 sacristia
1130 4693 1243 4765 sancti
1262 4692 1447 4766 Michaelis
1467 4693 1501 4764 in
1522 4692 1647 4766 Bosco
1670 4692 1806 4766 Charta
1824 4703 1995 4788 reserata,
2016 4702 2179 4791 repertus

362 4828 415 4891 est
443 4819 699 4913 Macagnanus.
729 4818 818 4890 Erat
847 4817 889 4889 lis
917 4817 1204 4914 impeditissima:
1235 4818 1354 4915 itaque
1383 4843 1427 4891 ne
1455 4827 1529 4891 tum
1561 4817 1702 4915 quidem
1735 4818 1860 4891 arbitri
1888 4819 2086 4891 consentire
2115 4843 2178 4915 po-

361 4951 517 5016 tuerunt.
548 4943 638 5017 Cum
678 4944 841 5016 viderent
881 4953 1001 5042 partes
1037 4969 1108 5016 non
1138 4943 1241 5017 aliter
1268 4943 1322 5016 liti
1349 4944 1454 5017 finem
1483 4944 1686 5041 impositum
1715 4944 1775 5040 iri,
1805 4944 1872 5018 nisi
1902 4944 1962 5016 uni
1990 4944 2178 5016 dumtaxat

360 5069 495 5142 arbitro
522 5092 580 5142 res
609 5077 685 5142 tota
713 5069 1005 5164 committeretur,
1026 5069 1188 5142 omnibns
1217 5070 1404 5142 arbitrium
1424 5071 1617 5165 abrogant:
1638 5077 1714 5141 tum
1735 5070 1780 5142 ad
1800 5069 1904 5144 unius
1922 5068 2016 5141 illius
2035 5068 2179 5141 electio·

361 5219 442 5267 uem
462 5194 701 5290 devenientes,
719 5195 755 5266 in
784 5194 1046 5289 Macagnanum
1075 5195 1311 5267 consentiunt.
1334 5195 1467 5267 Actum
1495 5195 1531 5266 in
1560 5195 1664 5267 domo
1694 5195 1851 5268 eiusdem
1879 5192 2177 5290 Macagnanum).

467 5319 573 5392 XIV.
603 5318 942 5415 MCCCXXVIII.,
973 5319 1060 5392 XII.
1091 5318 1176 5392 iulii.
1207 5320 1452 5415 Macagnanus
1489 5344 1628 5392 rursum
1663 5320 1796 5393 arbiter
1828 5320 1921 5392 inter
1948 5318 2178 5416 Rodulphum

361 5445 541 5542 quondam
569 5444 736 5518 Andreae
765 5445 808 5517 de
837 5443 1066 5541 Crespellano
1095 5454 1130 5517 et
1158 5444 1294 5517 Minum
1325 5445 1368 5518 de
1396 5441 1674 5518 Thebaldisllll.

440 5851 479 5917 (l)
500 5851 559 5902 Lib.
579 5849 639 5916 Res.
660 5849 705 5914 d,
724 5867 786 5919 pag.
805 5853 838 5902 72
858 5867 883 5902 v.
1380 5853 1418 5916 (6)
1445 5850 1486 5901 Ex
1511 5849 1589 5900 Merra.
1609 5848 1755 5900 Fraucr'sri
1777 5849 1896 5900 Valentis
1914 5849 1946 5900 de
1965 5847 2179 5915 Popazzoaihua,

440 5941 479 6006 (2)
499 5941 531 5992 In
550 5939 629 5992 Petro
647 5940 679 5992 de
698 5939 824 6003 Cer-altis,
841 5944 906 5993 tom.
921 5941 957 6006 l.,
976 5958 1038 6010 pag.
1053 5943 1113 5992 304.
1296 5939 1344 5992 fol.
1364 5943 1388 5992 5.

440 6032 479 6097 (Β)
499 6030 561 6082 Vid.
576 6031 604 6082 in
624 6029 803 6082 Brondala'sr'o
823 6030 991 6096 Gozzodino,
1003 6035 1068 6083 tom.
1082 6029 1120 6098 1.,
1139 6033 1154 6100 ἕ
1173 6031 1242 6098 ΙΙΙ.,
1377 6033 1416 6096 (7)
1437 6029 1477 6080 Ex
1497 6029 1576 6082 Merra
1596 6029 1690 6080 Soracta'
1711 6027 1819 6094 Ugolr'ni
1837 6027 1939 6094 Sancti,
1958 6029 2006 6081 rol.
2026 6031 2041 6082 6
2061 6046 2086 6082 u.

360 6138 421 6191 pag.
442 6123 502 6172 287.
1378 6119 1416 6184 (8)
1436 6117 1555 6182 Reform.
1562 6155 1570 6182 ,
1589 6117 1636 6168 lib.
1650 6116 1697 6182 V,
1717 6133 1741 6169 e.
1760 6120 1808 6168 291
1831 6133 1852 6167 ι·.

440 6211 480 6276 (4)
499 6209 602 6262 Fuerat
614 6209 658 6262 hie
676 6209 823 6279 Gregorius
839 6211 872 6262 ds
886 6209 1006 6263 Consilio
1025 6213 1243 6282 octingentorum
1379 6209 1418 6273 (9)
1449 6207 1492 6258 nx
1522 6207 1602 6259 Mean.
1624 6207 1734 6259 Nicolat
1758 6207 1904 6274 Franaisct
1931 6209 1963 6260 de
1991 6207 2177 6274 Maelianum,

362 6317 433 6352 anno
452 6297 615 6352 nocxcll.
635 6298 771 6364 Ghirard,
790 6303 808 6353 t.
829 6299 851 6366 1,
870 6317 933 6369 pag.
953 6303 1014 6354 296.
1298 6297 1346 6350 iol.
1366 6301 1409 6350 61.

441 6391 479 6456 (5)
492 6389 534 6440 Ex
548 6389 626 6440 Mem.
636 6389 666 6439 N
666 6389 746 6440 icoloi
757 6390 891 6456 quondam
909 6389 1055 6442 mamaea
1066 6391 1098 6442 de
1113 6391 1243 6458 Querella,
1361 6389 1418 6455 (10)
1429 6389 1471 6440 Ex
1480 6388 1926 6443 Man.A1bmrBaraaolomaeide
1940 6389 2078 6455 daromae
2097 6389 2144 6442 sol.
2155 6396 2178 6442 1.

360 6479 407 6531 fol.
428 6482 460 6530 45
481 6495 505 6530 v.
1360 6480 1417 6547 (11)
1436 6479 1477 6530 blx
1491 6480 1570 6532 Mem.
1589 6480 1696 6547 Ugolt'ni
1716 6479 1873 6549 Hema'gipli
1890 6483 1922 6534 de
1943 6481 2073 6547 Querella,
2093 6482 2140 6534 Iol.
2154 6483 2179 6534 3.

512 6708 580 6746 ron.
598 6708 630 6746 11.
2064 6705 2098 6754 44
