5490 7750
783 639 1017 690 sensurum
1044 641 1095 690 ΔΙ)
1124 641 1380 692 Pnornssoune
1408 643 1514 693 cultra
1542 643 1676 693 CIVILIS
2065 625 2138 696 137

323 791 534 855 tiramnorum
557 812 694 876 quarum
717 793 838 858 habore
861 793 978 858 dicitur
1002 794 1150 858 notitiam
1173 816 1207 858 se
1232 795 1347 879 studijs
1371 795 1490 860 sedulis
1515 796 1736 882 impendebat,
1760 799 1801 862 ab
1826 799 1930 864 officio
1963 799 2049 886 quod
2081 801 2141 866 sibi

322 898 412 962 velut
434 898 531 982 fideli,
556 899 629 963 utili
653 907 685 964 ct
709 901 855 986 probato,
873 908 908 964 ut
931 901 1044 985 fertur,
1062 901 1198 967 dilectus
1221 903 1306 966 filius
1331 903 1515 990 Stephanus
1539 903 1698 988 Bernerij,
1716 906 1800 970 dicte
1824 907 1989 992 provincie
2013 907 2143 973 thesau-

323 1006 438 1088 rarius,
462 1006 538 1070 dum
562 1007 701 1071 officium
725 1008 929 1072 vicerectoris
954 1009 987 1073 in
1010 1009 1081 1095 ipsa
1105 1011 1272 1096 provincia
1296 1018 1433 1096 gereret,
1458 1011 1721 1076 committendum
1744 1014 1941 1099 providerat,
1962 1020 1996 1078 tu
2021 1015 2143 1102 absque

324 1133 422 1177 causa
446 1114 631 1178 rationabili
654 1135 692 1178 ac
716 1115 928 1200 ignominiose
952 1137 1010 1201 pro
1034 1124 1089 1181 tue
1113 1117 1290 1182 voluntatis
1312 1118 1403 1184 libito
1427 1119 1587 1202 amovisti,
1604 1120 1704 1184 alium
1727 1120 1760 1184 in
1783 1120 1896 1186 eodem
1920 1122 2023 1187 officio
2046 1122 2144 1209 depu-

322 1219 432 1303 tando,
450 1221 560 1307 sicque
577 1243 673 1308 super
696 1222 760 1306 hijs
784 1230 816 1285 et
839 1223 913 1308 alijs
936 1231 968 1288 te
992 1224 1134 1309 gerendo
1159 1225 1244 1311 quod
1267 1232 1370 1290 status
1394 1225 1478 1290 dicte
1502 1227 1677 1312 provincie,
1695 1228 1750 1313 qui
1770 1235 1845 1292 ante
1862 1236 1953 1293 tuum
1969 1228 2143 1294 adventum

323 1327 365 1391 ad
389 1349 461 1391 eam
484 1349 542 1414 per
565 1329 750 1394 missionem
774 1330 858 1396 dicte
881 1331 986 1416 gentis
1011 1353 1074 1396 non
1098 1353 1213 1418 parum
1243 1333 1428 1418 prosperari
1459 1333 1660 1420 sperabatur,
1684 1335 1903 1399 verisimiliter
1929 1335 2143 1401 deterioratos

323 1442 459 1499 estnon
483 1435 654 1519 modicum,
678 1443 710 1500 et
734 1437 874 1520 timetur,
899 1437 960 1502 nisi
984 1439 1191 1524 provideatur
1215 1440 1319 1522 aliter,
1345 1440 1470 1504 damnis
1494 1461 1559 1504 non
1582 1441 1771 1528 reparandis
1794 1442 1934 1508 faciliter
1965 1444 2082 1528 subijci
2112 1453 2145 1509 et

323 1542 464 1607 iacturis.
490 1542 632 1628 Ideoque
657 1543 734 1629 quid
758 1550 789 1608 te
813 1545 926 1609 deceat
949 1553 981 1608 et
1004 1545 1063 1610 tibi
1086 1547 1239 1632 expediat
1261 1547 1460 1633 prospiciens
1491 1547 1664 1633 diligenter
1694 1555 1785 1613 actus
1813 1556 1885 1614 tuos
1913 1550 2021 1615 taliter
2045 1551 2142 1615 corri-

322 1671 399 1736 gere
431 1671 469 1715 ac
493 1649 632 1736 dirigere
656 1673 720 1716 non
752 1651 906 1735 desistas,
930 1652 1016 1738 quod
1043 1675 1101 1718 nos
1125 1655 1214 1719 aliud
1241 1677 1338 1742 super
1369 1656 1432 1741 hijs
1464 1677 1562 1741 agere
1593 1656 1679 1741 qnod
1709 1655 1821 1720 deesse
1854 1657 2000 1743 nequibit
2031 1659 2143 1744 procul

323 1745 506 1822 dubionisi
530 1758 625 1822 aliter
647 1760 832 1845 prosperari
855 1759 1073 1826 audiverimus
1104 1768 1224 1826 statum
1252 1762 1395 1827 eiusdem
1426 1764 1591 1848 provincie
1622 1783 1685 1827 non
1718 1785 1882 1849 cogamur,
1906 1786 2003 1850 super
2027 1767 2142 1851 quibua

323 1865 415 1929 nobis
438 1866 614 1930 rescribere
639 1867 758 1951 poteris
783 1867 810 1930 si
833 1874 866 1931 et
889 1868 1017 1953 quando
1041 1870 1232 1955 cognoveris
1250 1879 1459 1956 oportunum.
1481 1869 1651 1934 Prefatum
1675 1877 1783 1934 autem
1802 1871 2003 1936 Ludovicum
2019 1874 2061 1937 ad
2077 1873 2144 1937 offi-

323 1972 406 2036 cium
429 1972 610 2058 predictum
634 1975 794 2058 restituas,
819 1975 880 2038 nisi
903 1974 1013 2039 forsan
1037 1997 1135 2040 causa
1163 1977 1349 2042 rationabili
1380 1985 1505 2042 amotus
1537 1978 1578 2041 ab
1606 1978 1661 2042 illo
1685 1978 1801 2060 fuerit,
1826 2001 1924 2064 quam
1954 1980 2046 2044 nobis
2078 2001 2142 2045 non

322 2078 455 2144 differas
478 2079 637 2145 intimare.

412 2186 534 2251 Datum
556 2188 721 2271 Avinioni,
746 2197 839 2254 sexto
862 2190 934 2254 idus
958 2191 1109 2273 octobris,
1132 2193 1337 2278 pontificatus
1360 2194 1461 2258 nostri
1485 2214 1570 2258 anno
1595 2193 1742 2280 septimo.

1160 2509 1302 2574 LXXII.

1090 2725 1193 2806 1342,
1217 2725 1260 2787 21
1284 2728 1370 2788 muti.

678 2937 732 3001 Ex
756 2945 832 3002 torn.
855 2937 983 3002 LXIII.
1007 2961 1038 3024 p.
1064 2939 1091 3004 Ι.
1119 2939 1236 3004 Codr'cia
1258 2940 1383 3024 diplom.
1408 2939 1534 3024 donem,
1558 2963 1589 3005 n.
1614 2941 1678 3024 11.‚
1703 2963 1730 3006 c.
1755 2944 1786 3005 5.

410 3155 559 3220 Clemens
582 3153 763 3240 episcopus,
781 3175 893 3218 servus
917 3174 1084 3217 servorum
1106 3153 1179 3236 Dei,
1197 3153 1322 3218 dilectis
1339 3154 1414 3238 filijs
1432 3155 1532 3220 nobili
1555 3156 1625 3220 viro
1650 3156 1782 3220 Thadco
1800 3155 1839 3220 de
1856 3157 2000 3244 Pepulls,
2016 3159 2143 3243 gerenti

318 3261 632 3328 administrationem
652 3261 775 3344 jurium
799 3268 982 3325 nostrorum
1005 3261 1163 3325 fiscalium
1185 3262 1218 3324 in
1242 3261 1390 3344 civitate,
1415 3263 1569 3326 comitatu
1593 3271 1625 3328 et
1648 3263 1794 3328 districtu
1818 3264 2080 3347 bononiensibus,
2104 3286 2142 3330 ac

320 3371 500 3451 Communi,
523 3368 738 3433 Universitati
761 3373 794 3432 et
816 3369 942 3453 Populo
966 3369 1230 3451 bononiensibus,
1254 3369 1446 3434 salutemet
1469 3371 1680 3456 apostolicam
1702 3371 1969 3436 benedictionem.

408 3477 448 3543 In
469 3478 615 3564 precelso
639 3477 756 3542 throno
780 3476 881 3540 divini
904 3477 1052 3540 culminis
1076 3478 1234 3563 sapientie
1258 3478 1412 3561 altitudo,
1436 3479 1618 3544 sublimitas
1652 3480 1795 3566 potentie
1819 3501 1857 3544 ao
1881 3481 2051 3566 prudentie
2074 3481 2141 3567 ple·

319 3585 431 3650 nitudo
456 3584 644 3666 consistunt,
669 3589 701 3648 et
725 3583 865 3669 qualiter
887 3583 1096 3669 dispositione
1120 3605 1261 3670 superna
1284 3585 1378 3648 detur
1401 3606 1471 3650 esse
1495 3586 1602 3668 rebus,
1619 3592 1784 3650 mutentur
1808 3593 1840 3650 et
1863 3587 2030 3651 varientur
2053 3609 2142 3652 crea·

319 3701 465 3758 terarum
482 3692 682 3758 conditiones
699 3700 730 3755 et
747 3698 849 3755 status
869 3691 998 3777 aliaque
1016 3693 1195 3778 gratiarum
1211 3714 1346 3757 munera
1362 3693 1518 3757 ineffabili
1534 3694 1738 3779 providentia
1755 3694 1992 3780 dispensentur,
2009 3696 2142 3760 humani

318 3824 384 3867 non
407 3803 540 3888 capiunt
562 3801 756 3864 intellectus.
782 3798 948 3886 Supernus
972 3821 1111 3885 namque
1135 3800 1281 3864 eonditor
1305 3800 1337 3864 in
1355 3801 1587 3887 omnipotentia
1603 3823 1662 3865 sua
1678 3802 1880 3866 admirabilis
1896 3803 1990 3886 dixit,
2007 3811 2039 3868 et
2056 3803 2142 3868 lacta

319 3917 404 3993 sunt,
421 3918 454 3974 ct
477 3931 540 3995 que
563 3909 632 3995 ipse
655 3908 758 3973 voluit
781 3914 856 3971 sunt
878 3915 988 3972 creata
1008 3915 1040 3972 et
1056 3909 1211 3994 perfecta,
1228 3909 1352 3973 habens
1375 3917 1540 3995 tamquam
1561 3911 1626 3992 ille,
1643 3910 1698 3996 qui
1714 3916 1830 3974 cuncta
1845 3911 1953 3996 palmo
1970 3911 2141 3994 concludit,

318 4019 359 4082 ad
383 4017 513 4103 stngula
534 4022 739 4102 potestatem,
757 4015 949 4101 quandoque
969 4016 1047 4080 facit
1065 4016 1183 4080 fortem
1198 4037 1240 4079 ex
1257 4015 1366 4100 debili,
1383 4023 1415 4080 ct
1431 4039 1674 4103 nonnumquam
1689 4018 1781 4104 ponit
1796 4017 1934 4082 humiles
1950 4019 1983 4081 in
1999 4019 2140 4102 sublimi,

318 4148 356 4191 ac
379 4131 620 4190 sacrosanctam
643 4123 825 4188 Ecclesiam
848 4123 1057 4206 catholicam,
1082 4145 1178 4209 quam
1210 4124 1272 4188 sibi
1302 4124 1468 4188 charitatis
1502 4125 1728 4210 inseparabilis
1759 4124 1928 4190 dulcedine
1961 4127 2141 4212 copulavit,

317 4233 491 4298 salubriter
514 4232 625 4317 dirigit
648 4238 681 4295 et
704 4232 875 4316 gubernat.
899 4231 1012 4317 Nuper
1039 4231 1199 4317 siquidem
1229 4231 1331 4296 felicis
1362 4232 1594 4297 recordationis
1617 4232 1794 4297 Benedicto
1818 4253 1904 4319 papa
1926 4233 2006 4298 XII.
2030 4235 2143 4320 prede·

317 4361 444 4405 cessere
468 4347 588 4422 nostro,
612 4339 695 4404 sicut
717 4338 857 4403 Domino
881 4339 1015 4426 placuit,
1032 4338 1074 4402 ab
1097 4339 1158 4403 hac
1182 4340 1253 4402 luce
1277 4339 1453 4422 subtracto,
1471 4340 1673 4404 venerabiles
1695 4339 1829 4404 Fratres
1853 4341 1954 4404 nostri
1977 4341 2141 4428 Episcopi,

316 4447 505 4532 Presbyteri
528 4453 560 4510 ct
583 4445 722 4510 Diaconi
745 4453 855 4511 sancte
879 4467 1011 4510 romane
1035 4445 1181 4511 Ecclesia
1205 4447 1405 4528 CardInales,
1430 4448 1469 4511 de
1501 4469 1637 4532 quorum
1666 4468 1800 4512 numero
1823 4456 1900 4512 tunc
1924 4470 2063 4533 eramus,
2083 4472 2141 4535 pro

316 4554 418 4618 futuri
440 4553 668 4618 substitutione
693 4553 817 4617 romani
841 4553 1007 4618 Pontificis
1031 4555 1260 4619 convenientes
1285 4555 1316 4617 in
1341 4576 1451 4637 unum,
1478 4555 1588 4619 Sancti
1613 4553 1763 4640 Spiritus,
1781 4562 1817 4619 ut
1840 4557 1937 4619 moris
1962 4563 2020 4637 est,
2037 4558 2143 4641 gratia

317 4662 477 4744 invocata,
502 4661 594 4747 quasi
617 4683 675 4747 per
699 4661 942 4748 inspirationem
965 4661 1065 4746 ipsius
1089 4662 1122 4724 in
1146 4683 1221 4744 nos,
1246 4663 1329 4726 sicut
1351 4662 1460 4725 divine
1484 4662 1653 4726 clementie
1677 4663 1809 4748 placuit,
1826 4669 1902 4727 vota
1927 4684 1985 4726 sua
2010 4685 2141 4727 coneor-

317 4769 400 4834 diter
424 4768 622 4850 direxerunt,
640 4790 697 4832 uos
715 4769 757 4832 ad
780 4769 1059 4833 conscendendam
1082 4769 1248 4854 speculam
1271 4770 1441 4856 apostolici
1465 4769 1625 4852 culminis,
1642 4777 1674 4834 et
1690 4769 1892 4834 subeundam
1916 4771 2142 4856 gravissimam

319 4878 418 4942 totius
442 4876 528 4941 orbis
551 4875 717 4962 regiminis
745 4877 906 4940 sarcinam
936 4877 1104 4961 eligentes.
1128 4876 1251 4941 Verum
1282 4898 1355 4942 cum
1384 4877 1426 4941 ad
1456 4885 1546 4941 tante
1577 4877 1744 4962 dignitatis
1775 4877 1900 4963 apicem
1931 4878 2140 4964 obstupemus

317 4985 449 5066 assumi,
466 5005 504 5048 eo
529 4983 615 5069 quod
634 4984 823 5069 impotentia
847 4991 955 5048 nostre
978 4983 1105 5048 humeri
1129 4984 1171 5048 ad
1193 4991 1320 5049 tantum
1343 5006 1424 5049 onus
1446 5005 1510 5049 non
1526 4985 1710 5049 sufficereut
1727 4985 1993 5071 supportandum,
2010 4985 2141 5050 tandem

317 5097 485 5178 sperantes
508 5091 541 5154 in
565 5091 631 5174 illo,
649 5091 704 5176 qui
727 5090 834 5156 reddit
857 5113 956 5156 suave
970 5093 1087 5177 jugum
1103 5113 1197 5155 suum
1213 5099 1245 5156 et
1261 5113 1341 5156 onus
1358 5092 1429 5156 leve
1447 5091 1503 5155 illa
1519 5074 1723 5178 portantibus
1743 5093 1914 5178 patienter,
1931 5092 1973 5156 ad
1997 5089 2137 5178 ipsorum
2182 5152 2185 5160 ,

318 5198 470 5262 Fratrum
494 5199 691 5281 instantiam,
708 5199 792 5262 votis
812 5199 1032 5284 acquievimus
1055 5198 1252 5280 corumdem,
1270 5206 1302 5263 et
1325 5198 1408 5263 colla
1431 5205 1542 5263 nostra
1558 5199 1764 5262 submisimus
1788 5199 1953 5262 humiliter
1966 5200 2047 5284 jugo
2064 5221 2140 5286 apo·

319 5305 430 5369 stoliee
454 5303 635 5387 servitutis,
660 5311 692 5368 et
715 5305 949 5390 subsequenter
971 5305 1204 5370 benedictionis
1232 5312 1265 5369 ct
1288 5304 1504 5369 coronationis
1528 5311 1636 5369 nostre
1660 5305 1817 5369 solemnia
1838 5307 1934 5390 juxta
1962 5327 2083 5370 morem
2107 5307 2138 5370 in

318 5411 464 5497 personis
488 5410 591 5475 felicis
614 5411 767 5475 memorie
791 5433 998 5475 romanorum
1018 5411 1214 5475 Pontificum
1237 5411 1498 5497 predecessorum
1531 5417 1713 5475 nostrorum
1746 5411 1901 5475 hacteuus
1934 5397 2144 5475 observatum

319 5519 532 5604 suscepimus,
557 5517 599 5581 ad
622 5518 801 5603 gratiarum
824 5518 947 5583 fontem
978 5518 1017 5583 de
1049 5519 1141 5603 cujus
1170 5519 1331 5604 accipiunt
1354 5518 1553 5604 plenitudine
1576 5517 1739 5602 universi,
1764 5518 1806 5582 ad
1829 5519 1967 5604 pastoris
1991 5519 2141 5583 videlicet

320 5626 422 5689 eterni
445 5625 649 5690 clementiam
672 5625 705 5688 in
729 5625 920 5690 humilitatis
944 5626 1059 5712 spiritu
1082 5633 1293 5708 recurrentes,
1310 5633 1346 5688 ut
1362 5625 1431 5711 ipse
1455 5647 1519 5689 non
1539 5627 1636 5710 juxta
1659 5632 1840 5690 nostrorum
1865 5626 2053 5690 meritorum
2071 5628 2140 5690 exi-

319 5735 472 5817 gentiam,
489 5733 546 5796 sed
570 5733 746 5797 secundum
770 5755 827 5797 suc
851 5733 1182 5819 superabundantiam
1205 5733 1334 5819 pietatis
1359 5733 1517 5797 debilitati
1542 5740 1649 5798 nostre
1674 5734 1720 5797 sic
1748 5734 1870 5798 tribuat
1893 5734 2018 5798 roboris
2049 5733 2141 5798 fulci·

318 5851 472 5923 mentum,
490 5840 575 5925 quod
595 5848 780 5926 susceptum
803 5863 884 5905 onus
908 5841 949 5904 ad
972 5841 1102 5905 laudem
1125 5841 1175 5904 sui
1199 5841 1348 5924 nominis,
1364 5840 1509 5906 Ecclesia
1533 5842 1753 5906 universitatis
1778 5842 1933 5906 honorem
1956 5849 1988 5905 et
2008 5849 2139 5926 statum,

318 5947 455 6011 salutem
479 5954 511 6011 et
535 5948 802 6034 tranquillfiatem
825 5949 978 6031 fidelium,
995 5949 1065 6035 ipso
1089 5955 1293 6034 cooperante,
1311 5949 1447 6032 deferre,
1465 5971 1502 6013 ac
1519 5949 1552 6013 in
1568 5929 1696 6036 populis
1713 5948 1921 6013 sollicitudini
1940 5956 2049 6013 nostre
2073 5971 2140 6014 creu

318 6053 392 6118 ditis
412 6055 630 6139 quarumlibet
652 6056 888 6120 dissensionum
913 6078 954 6120 ex
978 6057 1024 6119 cis
1049 6063 1217 6142 amputata
1240 6057 1387 6139 materia,
1404 6057 1586 6122 ministrare
1609 6056 1729 6120 bonnm
1754 6057 1853 6142 pacis,
1878 6056 1919 6119 ad
1944 6077 2005 6142 que
2030 6067 2141 6120 nostra

318 6183 441 6226 summe
466 6163 588 6249 aspirat
612 6163 756 6246 intenti0,
774 6162 957 6226 valeamus:
975 6163 1190 6228 sollicitudine
1215 6165 1323 6250 itaque
1347 6164 1474 6249 publice
1499 6163 1785 6228 administratIonis
1803 6170 1978 6248 assumpto,
1995 6170 2028 6227 et
2043 6161 2140 6248 plena

318 6269 359 6332 de
382 6269 473 6333 vobis
498 6279 653 6356 concepta
675 6271 793 6335 fiducia
822 6270 907 6356 quod
931 6270 971 6334 ad
995 6271 1251 6358 supportandum
1274 6272 1357 6336 tanti
1381 6272 1487 6336 oneris
1510 6271 1628 6336 molem
1651 6270 1684 6334 in
1709 6269 1866 6336 charitate
1890 6269 1976 6334 illius
2004 6271 2139 6356 quivos

318 6382 409 6462 optat
432 6377 559 6441 celestis
583 6378 675 6463 regni
698 6378 767 6442 fore
798 6384 980 6462 consortes,
1005 6377 1116 6442 fideles
1147 6378 1236 6443 eritis
1266 6378 1442 6463 adjutores,
1466 6377 1711 6442 universitatem
1738 6384 1879 6442 vestram
1909 6377 2076 6441 hortantes
2107 6377 2139 6440 in

318 6481 457 6548 Domino
488 6484 568 6549 Jesu
600 6484 746 6567 Christo,
771 6484 926 6570 vobisque
958 6484 1167 6549 nihilominus
1197 6506 1256 6571 per
1284 6485 1461 6571 apostolica
1493 6485 1613 6571 scripto
1647 6484 1853 6566 mandamus,
1878 6490 2053 6570 quatenus,
2079 6485 2137 6548 sub

399 6620 467 6657 ron.
486 6621 518 6658 11.
2023 6609 2055 6658 18
